@article{Bruning:2012zz,
      author         = "Bruning, O. and Burkhardt, H. and Myers, S.",
      title          = "{The large hadron collider}",
      journal        = "Prog. Part. Nucl. Phys.",
      volume         = "67",
      year           = "2012",
      pages          = "705-734",
      doi            = "10.1016/j.ppnp.2012.03.001",
      SLACcitation   = "%%CITATION = PPNPD,67,705;%%"
}


@article{Bruning:2004ej,
	author         = "Bruning, Oliver S. and Collier, P. and Lebrun, P. and
	Myers, S. and Ostojic, R. and Poole, J. and Proudlock, P.",
	title          = "{LHC Design Report Vol.1: The LHC Main Ring}",
	year           = "2004",
	reportNumber   = "CERN-2004-003-V1, CERN-2004-003, CERN-2004-003-V-1",
	SLACcitation   = "%%CITATION = CERN-2004-003-V1;%%"
}

@article{Evans:2008zzb,
	author         = "Evans, Lyndon and Bryant, Philip",
	title          = "{LHC Machine}",
	journal        = "JINST",
	volume         = "3",
	year           = "2008",
	pages          = "S08001",
	doi            = "10.1088/1748-0221/3/08/S08001",
	SLACcitation   = "%%CITATION = JINST,3,S08001;%%"
}

@article{LEP,
	key            = "203828",
	title          = "{LEP Design Report: Vol.2. The LEP Main Ring}",
	year           = "1984",
	reportNumber   = "CERN-LEP-84-01",
	SLACcitation   = "%%CITATION = CERN-LEP-84-01;%%"
}


@article{Aad:2008zzm,
	author         = "Aad, G. and others",
	title          = "{The ATLAS Experiment at the CERN Large Hadron Collider}",
	collaboration  = "ATLAS",
	journal        = "JINST",
	volume         = "3",
	year           = "2008",
	pages          = "S08003",
	doi            = "10.1088/1748-0221/3/08/S08003",
	SLACcitation   = "%%CITATION = JINST,3,S08003;%%"
}

@article{Aamodt:2008zz,
	author         = "Aamodt, K. and others",
	title          = "{The ALICE experiment at the CERN LHC}",
	collaboration  = "ALICE",
	journal        = "JINST",
	volume         = "3",
	year           = "2008",
	pages          = "S08002",
	doi            = "10.1088/1748-0221/3/08/S08002",
	SLACcitation   = "%%CITATION = JINST,3,S08002;%%"
}
@article{Chatrchyan:2008aa,
	author         = "Chatrchyan, S. and others",
	title          = "{The CMS Experiment at the CERN LHC}",
	collaboration  = "CMS",
	journal        = "JINST",
	volume         = "3",
	year           = "2008",
	pages          = "S08004",
	doi            = "10.1088/1748-0221/3/08/S08004",
	SLACcitation   = "%%CITATION = JINST,3,S08004;%%"
}

@article{Alves:2008zz,
	author         = "Alves, Jr., A. Augusto and others",
	title          = "{The LHCb Detector at the LHC}",
	collaboration  = "LHCb",
	journal        = "JINST",
	volume         = "3",
	year           = "2008",
	pages          = "S08005",
	doi            = "10.1088/1748-0221/3/08/S08005",
	SLACcitation   = "%%CITATION = JINST,3,S08005;%%"
}

@article{Anelli:2008zza,
	author         = "Anelli, G. and others",
	title          = "{The TOTEM experiment at the CERN Large Hadron Collider}",
	collaboration  = "TOTEM",
	journal        = "JINST",
	volume         = "3",
	year           = "2008",
	pages          = "S08007",
	doi            = "10.1088/1748-0221/3/08/S08007",
	SLACcitation   = "%%CITATION = JINST,3,S08007;%%"
}


@article{Adriani:2008zz,
	author         = "Adriani, O. and others",
	title          = "{The LHCf detector at the CERN Large Hadron Collider}",
	collaboration  = "LHCf",
	journal        = "JINST",
	volume         = "3",
	year           = "2008",
	pages          = "S08006",
	doi            = "10.1088/1748-0221/3/08/S08006",
	SLACcitation   = "%%CITATION = JINST,3,S08006;%%"
}

@article{Brice:2221112,
	author        = "Brice, Maximilien",
	title         = "{LHC tunnel sector 4-5/ 5-6}",
	month         = "Sep",
	year          = "2016",
	reportNumber  = "CERN-PHOTO-201609-250",
	url           = "https://cds.cern.ch/record/2221112",
	note          = "General Photo",
}

@article{ATLAS:1999uwa,
	author         = "Airapetian, A. and others",
	title          = "{ATLAS: Detector and physics performance technical design
	report. Volume 1}",
	collaboration  = "ATLAS",
	year           = "1999",
	reportNumber   = "CERN-LHCC-99-14, ATLAS-TDR-14",
	SLACcitation   = "%%CITATION = CERN-LHCC-99-14;%%"
}

%BIlder

@article{DeMelis:2119882,
	author        = "De Melis, Cinzia",
	title         = "{The CERN accelerator complex. Complexe des
	accélérateurs du CERN}",
	month         = "Jan",
	year          = "2016",
	reportNumber  = "OPEN-PHO-ACCEL-2016-001",
	url           = "https://cds.cern.ch/record/2119882",
	note          = "General Photo",
}

