@article{Kobayashi:1973fv,
	author         = "Kobayashi, Makoto and Maskawa, Toshihide",
	title          = "{CP Violation in the Renormalizable Theory of Weak
	Interaction}",
	journal        = "Prog. Theor. Phys.",
	volume         = "49",
	year           = "1973",
	pages          = "652-657",
	doi            = "10.1143/PTP.49.652",
	reportNumber   = "KUNS-242",
	SLACcitation   = "%%CITATION = PTPKA,49,652;%%"
}
@incollection{Carli:2015qta,
	author         = "Carli, Tancredi and Rabbertz, Klaus and Schumann,
	Steffen",
	title          = "{Studies of Quantum Chromodynamics at the LHC}",
	editor         = "Schörner-Sadenius, Thomas",
	booktitle      = "The Large Hadron Collider: Harvest of Run 1",
	url            = "https://inspirehep.net/record/1375494/files/arXiv:1506.03239.pdf",
	pages          = "139-194",
	doi            = "10.1007/978-3-319-15001-7_5",
	year           = "2015",
	eprint         = "1506.03239",
	archivePrefix  = "arXiv",
	primaryClass   = "hep-ex",
	SLACcitation   = "%%CITATION = ARXIV:1506.03239;%%"
}
@techreport{Lampl:1099735,
	author        = "Lampl, W and Laplace, S and Lelas, D and Loch, P and Ma, H
	and Menke, S and Rajagopalan, S and Rousseau, D and Snyder,
	S and Unal, G",
	title         = "{Calorimeter Clustering Algorithms: Description and
	Performance}",
	institution   = "CERN",
	address       = "Geneva",
	number        = "ATL-LARG-PUB-2008-002. ATL-COM-LARG-2008-003",
	month         = "Apr",
	year          = "2008",
	reportNumber  = "ATL-LARG-PUB-2008-002",
	url           = "http://cds.cern.ch/record/1099735",
}
@article{Cacciari:2008gp,
	author         = "Cacciari, Matteo and Salam, Gavin P. and Soyez, Gregory",
	title          = "{The Anti-k(t) jet clustering algorithm}",
	journal        = "JHEP",
	volume         = "04",
	year           = "2008",
	pages          = "063",
	doi            = "10.1088/1126-6708/2008/04/063",
	eprint         = "0802.1189",
	archivePrefix  = "arXiv",
	primaryClass   = "hep-ph",
	reportNumber   = "LPTHE-07-03",
	SLACcitation   = "%%CITATION = ARXIV:0802.1189;%%"
}
@article{Aad:2011he,
	author         = "Aad, Georges and others",
	title          = "{Jet energy measurement with the ATLAS detector in
	proton-proton collisions at $\sqrt{s}=7$ TeV}",
	collaboration  = "ATLAS",
	journal        = "Eur. Phys. J.",
	volume         = "C73",
	year           = "2013",
	number         = "3",
	pages          = "2304",
	doi            = "10.1140/epjc/s10052-013-2304-2",
	eprint         = "1112.6426",
	archivePrefix  = "arXiv",
	primaryClass   = "hep-ex",
	reportNumber   = "CERN-PH-EP-2011-191",
	SLACcitation   = "%%CITATION = ARXIV:1112.6426;%%"
}
@article{Aad:2014bia,
	author         = "Aad, Georges and others",
	title          = "{Jet energy measurement and its systematic uncertainty in
	proton-proton collisions at $\sqrt{s}=7$ TeV with the
	ATLAS detector}",
	collaboration  = "ATLAS",
	journal        = "Eur. Phys. J.",
	volume         = "C75",
	year           = "2015",
	pages          = "17",
	doi            = "10.1140/epjc/s10052-014-3190-y",
	eprint         = "1406.0076",
	archivePrefix  = "arXiv",
	primaryClass   = "hep-ex",
	reportNumber   = "CERN-PH-EP-2013-222",
	SLACcitation   = "%%CITATION = ARXIV:1406.0076;%%"
}
@techreport{ATLAS-CONF-2015-037,
	title         = "{Monte Carlo Calibration and Combination of In-situ
	Measurements of Jet Energy Scale, Jet Energy Resolution and
	Jet Mass in ATLAS}",
	institution   = "CERN",
	address       = "Geneva",
	number        = "ATLAS-CONF-2015-037",
	month         = "Aug",
	year          = "2015",
	reportNumber  = "ATLAS-CONF-2015-037",
	url           = "https://cds.cern.ch/record/2044941",
}
@article{Aad:2015ina,
	author         = "Aad, Georges and others",
	title          = "{Performance of pile-up mitigation techniques for jets in
	$pp$ collisions at $\sqrt{s}=8$  TeV using the ATLAS
	detector}",
	collaboration  = "ATLAS",
	journal        = "Eur. Phys. J.",
	volume         = "C76",
	year           = "2016",
	number         = "11",
	pages          = "581",
	doi            = "10.1140/epjc/s10052-016-4395-z",
	eprint         = "1510.03823",
	archivePrefix  = "arXiv",
	primaryClass   = "hep-ex",
	reportNumber   = "CERN-PH-EP-2015-206",
	SLACcitation   = "%%CITATION = ARXIV:1510.03823;%%"
}
@techreport{ATLAS-CONF-2012-020,
	title         = "{Selection of jets produced in proton-proton collisions
	with the ATLAS detector using 2011 data}",
	institution   = "CERN",
	collaboration = "ATLAS Collaboration",
	address       = "Geneva",
	number        = "ATLAS-CONF-2012-020",
	month         = "Mar",
	year          = "2012",
	reportNumber  = "ATLAS-CONF-2012-020",
	url           = "http://cds.cern.ch/record/1430034",
}
@article{Chatrchyan:2011ds,
	author         = "Chatrchyan, Serguei and others",
	title          = "{Determination of Jet Energy Calibration and Transverse
	Momentum Resolution in CMS}",
	collaboration  = "CMS",
	journal        = "JINST",
	volume         = "6",
	year           = "2011",
	pages          = "P11002",
	doi            = "10.1088/1748-0221/6/11/P11002",
	eprint         = "1107.4277",
	archivePrefix  = "arXiv",
	primaryClass   = "physics.ins-det",
	reportNumber   = "CERN-PH-EP-2011-102, CMS-JME-10-011",
	SLACcitation   = "%%CITATION = ARXIV:1107.4277;%%"
}

@techreport{ATLAS-CONF-2013-083,
	title         = "{Pile-up subtraction and suppression for jets in ATLAS}",
	institution   = "CERN",
	address       = "Geneva",
	number        = "ATLAS-CONF-2013-083",
	month         = "Aug",
	year          = "2013",
	reportNumber  = "ATLAS-CONF-2013-083",
	url           = "https://cds.cern.ch/record/1570994",
}
@article{Aad:2014fxa,
	author         = "Aad, Georges and others",
	title          = "{Electron reconstruction and identification efficiency
	measurements with the ATLAS detector using the 2011 LHC
	proton-proton collision data}",
	collaboration  = "ATLAS",
	journal        = "Eur. Phys. J.",
	volume         = "C74",
	year           = "2014",
	number         = "7",
	pages          = "2941",
	doi            = "10.1140/epjc/s10052-014-2941-0",
	eprint         = "1404.2240",
	archivePrefix  = "arXiv",
	primaryClass   = "hep-ex",
	reportNumber   = "CERN-PH-EP-2014-040",
	SLACcitation   = "%%CITATION = ARXIV:1404.2240;%%"
}

@article{Aad:2014rra,
	author         = "Aad, Georges and others",
	title          = "{Measurement of the muon reconstruction performance of
	the ATLAS detector using 2011 and 2012 LHC proton–proton
	collision data}",
	collaboration  = "ATLAS",
	journal        = "Eur. Phys. J.",
	volume         = "C74",
	year           = "2014",
	number         = "11",
	pages          = "3130",
	doi            = "10.1140/epjc/s10052-014-3130-x",
	eprint         = "1407.3935",
	archivePrefix  = "arXiv",
	primaryClass   = "hep-ex",
	reportNumber   = "CERN-PH-EP-2014-151",
	SLACcitation   = "%%CITATION = ARXIV:1407.3935;%%"
}
@article{Rehermann:2010vq,
	author         = "Rehermann, Keith and Tweedie, Brock",
	title          = "{Efficient Identification of Boosted Semileptonic Top
	Quarks at the LHC}",
	journal        = "JHEP",
	volume         = "03",
	year           = "2011",
	pages          = "059",
	doi            = "10.1007/JHEP03(2011)059",
	eprint         = "1007.2221",
	archivePrefix  = "arXiv",
	primaryClass   = "hep-ph",
	SLACcitation   = "%%CITATION = ARXIV:1007.2221;%%"
}
@article{Cacciari:2011ma,
	author         = "Cacciari, Matteo and Salam, Gavin P. and Soyez, Gregory",
	title          = "{FastJet User Manual}",
	journal        = "Eur. Phys. J.",
	volume         = "C72",
	year           = "2012",
	pages          = "1896",
	doi            = "10.1140/epjc/s10052-012-1896-2",
	eprint         = "1111.6097",
	archivePrefix  = "arXiv",
	primaryClass   = "hep-ph",
	reportNumber   = "CERN-PH-TH-2011-297",
	SLACcitation   = "%%CITATION = ARXIV:1111.6097;%%"
}
@article{Aaboud:2017jcu,
	author         = "Aaboud, M. and others",
	title          = "{Jet energy scale measurements and their systematic
	uncertainties in proton-proton collisions at $\sqrt{s} =
	13$ TeV with the ATLAS detector}",
	collaboration  = "ATLAS",
	journal        = "Phys. Rev.",
	volume         = "D96",
	year           = "2017",
	number         = "7",
	pages          = "072002",
	doi            = "10.1103/PhysRevD.96.072002",
	eprint         = "1703.09665",
	archivePrefix  = "arXiv",
	primaryClass   = "hep-ex",
	reportNumber   = "CERN-EP-2017-038",
	SLACcitation   = "%%CITATION = ARXIV:1703.09665;%%"
}
@article{Cacciari:2007fd,
	author         = "Cacciari, Matteo and Salam, Gavin P.",
	title          = "{Pileup subtraction using jet areas}",
	journal        = "Phys. Lett.",
	volume         = "B659",
	year           = "2008",
	pages          = "119-126",
	doi            = "10.1016/j.physletb.2007.09.077",
	eprint         = "0707.1378",
	archivePrefix  = "arXiv",
	primaryClass   = "hep-ph",
	reportNumber   = "LPTHE-07-01",
	SLACcitation   = "%%CITATION = ARXIV:0707.1378;%%"
}
@article{ATLAS:2010rza,
	title          = "{Performance of the ATLAS Secondary Vertex b-tagging
	Algorithm in 7 TeV Collision Data}",
	collaboration  = "ATLAS",
	year           = "2010",
	reportNumber   = "ATLAS-CONF-2010-042",
	SLACcitation   = "%%CITATION = ATLAS-CONF-2010-042;%%"
}
@techreport{ATL-PHYS-PUB-2016-012,
	title         = "{Optimisation of the ATLAS $b$-tagging performance for the
	2016 LHC Run}",
	institution   = "CERN",
	collaboration = "ATLAS Collaboration",
	address       = "Geneva",
	number        = "ATL-PHYS-PUB-2016-012",
	month         = "Jun",
	year          = "2016",
	reportNumber  = "ATL-PHYS-PUB-2016-012",
	url           = "https://cds.cern.ch/record/2160731",
}
@article{Aad:2015ydr,
	author         = "Aad, Georges and others",
	title          = "{Performance of $b$-Jet Identification in the ATLAS
	Experiment}",
	collaboration  = "ATLAS",
	journal        = "JINST",
	volume         = "11",
	year           = "2016",
	number         = "04",
	pages          = "P04008",
	doi            = "10.1088/1748-0221/11/04/P04008",
	eprint         = "1512.01094",
	archivePrefix  = "arXiv",
	primaryClass   = "hep-ex",
	reportNumber   = "CERN-PH-EP-2015-216",
	SLACcitation   = "%%CITATION = ARXIV:1512.01094;%%"
}
@techreport{ATLAS-CONF-2011-102,
	title         = "{Commissioning of the ATLAS high-performance b-tagging
	algorithms in the 7 TeV collision data}",
	institution   = "CERN",
	collaboration = "ATLAS Collaboration",
	address       = "Geneva",
	number        = "ATLAS-CONF-2011-102",
	month         = "Jul",
	year          = "2011",
	reportNumber  = "ATLAS-CONF-2011-102",
	url           = "https://cds.cern.ch/record/1369219",
}
@article{Piacquadio:2008zza,
	author         = "Piacquadio, Giacinto and Weiser, Christian",
	title          = "{A new inclusive secondary vertex algorithm for b-jet
	tagging in ATLAS}",
	booktitle      = "{Proceedings, 16th International Conference on Computing
	in High Energy and Nuclear Physics (CHEP 2007): Victoria,
	Canada, September 2-7, 2007}",
	journal        = "J. Phys. Conf. Ser.",
	volume         = "119",
	year           = "2008",
	pages          = "032032",
	doi            = "10.1088/1742-6596/119/3/032032",
	SLACcitation   = "%%CITATION = 00462,119,032032;%%"
}
@techreport{ATL-PHYS-PUB-2015-027,
	title         = "{Performance of missing transverse momentum reconstruction
	for the ATLAS detector in the first proton-proton
	collisions at at $\sqrt s$= 13 TeV}",
	institution   = "CERN",
	address       = "Geneva",
	number        = "ATL-PHYS-PUB-2015-027",
	month         = "Jul",
	year          = "2015",
	reportNumber  = "ATL-PHYS-PUB-2015-027",
	url           = "https://cds.cern.ch/record/2037904",
}


%%Modelling
@article{Nason:2004rx,
	author         = "Nason, Paolo",
	title          = "{A New method for combining NLO QCD with shower Monte
	Carlo algorithms}",
	journal        = "JHEP",
	volume         = "11",
	year           = "2004",
	pages          = "040",
	doi            = "10.1088/1126-6708/2004/11/040",
	eprint         = "hep-ph/0409146",
	archivePrefix  = "arXiv",
	primaryClass   = "hep-ph",
	reportNumber   = "BICOCCA-FT-04-11",
	SLACcitation   = "%%CITATION = HEP-PH/0409146;%%"
}
@article{Frixione:2007vw,
	author         = "Frixione, Stefano and Nason, Paolo and Oleari, Carlo",
	title          = "{Matching NLO QCD computations with Parton Shower
	simulations: the POWHEG method}",
	journal        = "JHEP",
	volume         = "11",
	year           = "2007",
	pages          = "070",
	doi            = "10.1088/1126-6708/2007/11/070",
	eprint         = "0709.2092",
	archivePrefix  = "arXiv",
	primaryClass   = "hep-ph",
	reportNumber   = "BICOCCA-FT-07-9, GEF-TH-21-2007",
	SLACcitation   = "%%CITATION = ARXIV:0709.2092;%%"
}
@article{Alioli:2010xd,
	author         = "Alioli, Simone and Nason, Paolo and Oleari, Carlo and Re,
	Emanuele",
	title          = "{A general framework for implementing NLO calculations in
	shower Monte Carlo programs: the POWHEG BOX}",
	journal        = "JHEP",
	volume         = "06",
	year           = "2010",
	pages          = "043",
	doi            = "10.1007/JHEP06(2010)043",
	eprint         = "1002.2581",
	archivePrefix  = "arXiv",
	primaryClass   = "hep-ph",
	reportNumber   = "DESY-10-018, SFB-CPP-10-22, IPPP-10-11, DCPT-10-22",
	SLACcitation   = "%%CITATION = ARXIV:1002.2581;%%"
}
@article{Ball:2014uwa,
	author         = "Ball, Richard D. and others",
	title          = "{Parton distributions for the LHC Run II}",
	collaboration  = "NNPDF",
	journal        = "JHEP",
	volume         = "04",
	year           = "2015",
	pages          = "040",
	doi            = "10.1007/JHEP04(2015)040",
	eprint         = "1410.8849",
	archivePrefix  = "arXiv",
	primaryClass   = "hep-ph",
	reportNumber   = "EDINBURGH-2014-15, IFUM-1034-FT, CERN-PH-TH-2013-253,
	OUTP-14-11P, CAVENDISH-HEP-14-11",
	SLACcitation   = "%%CITATION = ARXIV:1410.8849;%%"
}
@article{Lai:2010vv,
	author         = "Lai, Hung-Liang and Guzzi, Marco and Huston, Joey and Li,
	Zhao and Nadolsky, Pavel M. and Pumplin, Jon and Yuan, C.
	-P.",
	title          = "{New parton distributions for collider physics}",
	journal        = "Phys. Rev.",
	volume         = "D82",
	year           = "2010",
	pages          = "074024",
	doi            = "10.1103/PhysRevD.82.074024",
	eprint         = "1007.2241",
	archivePrefix  = "arXiv",
	primaryClass   = "hep-ph",
	reportNumber   = "MSUHEP-100707, SMU-HEP-10-10",
	SLACcitation   = "%%CITATION = ARXIV:1007.2241;%%"
}
@article{Sjostrand:2006za,
	author         = "Sjostrand, Torbjorn and Mrenna, Stephen and Skands, Peter
	Z.",
	title          = "{PYTHIA 6.4 Physics and Manual}",
	journal        = "JHEP",
	volume         = "05",
	year           = "2006",
	pages          = "026",
	doi            = "10.1088/1126-6708/2006/05/026",
	eprint         = "hep-ph/0603175",
	archivePrefix  = "arXiv",
	primaryClass   = "hep-ph",
	reportNumber   = "FERMILAB-PUB-06-052-CD-T, LU-TP-06-13",
	SLACcitation   = "%%CITATION = HEP-PH/0603175;%%"
}
@article{Pumplin:2002vw,
	author         = "Pumplin, J. and Stump, D. R. and Huston, J. and Lai, H.
	L. and Nadolsky, Pavel M. and Tung, W. K.",
	title          = "{New generation of parton distributions with
	uncertainties from global QCD analysis}",
	journal        = "JHEP",
	volume         = "07",
	year           = "2002",
	pages          = "012",
	doi            = "10.1088/1126-6708/2002/07/012",
	eprint         = "hep-ph/0201195",
	archivePrefix  = "arXiv",
	primaryClass   = "hep-ph",
	reportNumber   = "MSU-HEP-011101",
	SLACcitation   = "%%CITATION = HEP-PH/0201195;%%"
}
@article{Skands:2010ak,
	author         = "Skands, Peter Zeiler",
	title          = "{Tuning Monte Carlo Generators: The Perugia Tunes}",
	journal        = "Phys. Rev.",
	volume         = "D82",
	year           = "2010",
	pages          = "074018",
	doi            = "10.1103/PhysRevD.82.074018",
	eprint         = "1005.3457",
	archivePrefix  = "arXiv",
	primaryClass   = "hep-ph",
	reportNumber   = "MCNET-10-08, CERN-PH-TH-2010-113",
	SLACcitation   = "%%CITATION = ARXIV:1005.3457;%%"
}
@article{Gleisberg:2008ta,
	author         = "Gleisberg, T. and Hoeche, Stefan. and Krauss, F. and
	Schonherr, M. and Schumann, S. and Siegert, F. and Winter,
	J.",
	title          = "{Event generation with SHERPA 1.1}",
	journal        = "JHEP",
	volume         = "02",
	year           = "2009",
	pages          = "007",
	doi            = "10.1088/1126-6708/2009/02/007",
	eprint         = "0811.4622",
	archivePrefix  = "arXiv",
	primaryClass   = "hep-ph",
	reportNumber   = "FERMILAB-PUB-08-477-T, SLAC-PUB-13420, ZU-TH-17-08,
	DCPT-08-138, IPPP-08-69, EDINBURGH-2008-30, MCNET-08-14",
	SLACcitation   = "%%CITATION = ARXIV:0811.4622;%%"
}
@article{Schumann:2007mg,
	author         = "Schumann, Steffen and Krauss, Frank",
	title          = "{A Parton shower algorithm based on Catani-Seymour dipole
	factorisation}",
	journal        = "JHEP",
	volume         = "03",
	year           = "2008",
	pages          = "038",
	doi            = "10.1088/1126-6708/2008/03/038",
	eprint         = "0709.1027",
	archivePrefix  = "arXiv",
	primaryClass   = "hep-ph",
	reportNumber   = "DCPT-07-86, IPPP-07-43",
	SLACcitation   = "%%CITATION = ARXIV:0709.1027;%%"
}
@article{Hoeche:2012yf,
	author         = "Hoeche, Stefan and Krauss, Frank and Schonherr, Marek and
	Siegert, Frank",
	title          = "{QCD matrix elements + parton showers: The NLO case}",
	journal        = "JHEP",
	volume         = "04",
	year           = "2013",
	pages          = "027",
	doi            = "10.1007/JHEP04(2013)027",
	eprint         = "1207.5030",
	archivePrefix  = "arXiv",
	primaryClass   = "hep-ph",
	reportNumber   = "SLAC-PUB-15191, IPPP-12-52, DCPT-12-104, LPN12-081,
	FR-PHENO-2012-017, MCNET-12-09, --FR-PHENO-2012-017",
	SLACcitation   = "%%CITATION = ARXIV:1207.5030;%%"
}
@article{Sjostrand:2007gs,
	author         = "Sjostrand, Torbjorn and Mrenna, Stephen and Skands, Peter
	Z.",
	title          = "{A Brief Introduction to PYTHIA 8.1}",
	journal        = "Comput. Phys. Commun.",
	volume         = "178",
	year           = "2008",
	pages          = "852-867",
	doi            = "10.1016/j.cpc.2008.01.036",
	eprint         = "0710.3820",
	archivePrefix  = "arXiv",
	primaryClass   = "hep-ph",
	reportNumber   = "CERN-LCGAPP-2007-04, LU-TP-07-28,
	FERMILAB-PUB-07-512-CD-T",
	SLACcitation   = "%%CITATION = ARXIV:0710.3820;%%"
}
@techreport{ATL-PHYS-PUB-2012-003,
	title         = "{Summary of ATLAS Pythia 8 tunes}",
	institution   = "CERN",
	address       = "Geneva",
	number        = "ATL-PHYS-PUB-2012-003",
	month         = "Aug",
	year          = "2012",
	reportNumber  = "ATL-PHYS-PUB-2012-003",
	url           = "https://cds.cern.ch/record/1474107",
}
@article{Martin:2009iq,
	author         = "Martin, A. D. and Stirling, W. J. and Thorne, R. S. and
	Watt, G.",
	title          = "{Parton distributions for the LHC}",
	journal        = "Eur. Phys. J.",
	volume         = "C63",
	year           = "2009",
	pages          = "189-285",
	doi            = "10.1140/epjc/s10052-009-1072-5",
	eprint         = "0901.0002",
	archivePrefix  = "arXiv",
	primaryClass   = "hep-ph",
	reportNumber   = "IPPP-08-95, DCPT-08-190, CAVENDISH-HEP-08-16",
	SLACcitation   = "%%CITATION = ARXIV:0901.0002;%%"
}
@article{Czakon:2011xx,
	author         = "Czakon, Michal and Mitov, Alexander",
	title          = "{Top++: A Program for the Calculation of the Top-Pair
	Cross-Section at Hadron Colliders}",
	journal        = "Comput. Phys. Commun.",
	volume         = "185",
	year           = "2014",
	pages          = "2930",
	doi            = "10.1016/j.cpc.2014.06.021",
	eprint         = "1112.5675",
	archivePrefix  = "arXiv",
	primaryClass   = "hep-ph",
	reportNumber   = "CERN-PH-TH-2011-303, TTK-11-58",
	SLACcitation   = "%%CITATION = ARXIV:1112.5675;%%"
}
@article{Cacciari:2011hy,
	author         = "Cacciari, Matteo and Czakon, Michal and Mangano,
	Michelangelo and Mitov, Alexander and Nason, Paolo",
	title          = "{Top-pair production at hadron colliders with
	next-to-next-to-leading logarithmic soft-gluon
	resummation}",
	journal        = "Phys. Lett.",
	volume         = "B710",
	year           = "2012",
	pages          = "612-622",
	doi            = "10.1016/j.physletb.2012.03.013",
	eprint         = "1111.5869",
	archivePrefix  = "arXiv",
	primaryClass   = "hep-ph",
	reportNumber   = "CERN-PH-TH-2011-277, TTK-11-54",
	SLACcitation   = "%%CITATION = ARXIV:1111.5869;%%"
}
@article{Beneke:2011mq,
	author         = "Beneke, M. and Falgari, P. and Klein, S. and Schwinn, C.",
	title          = "{Hadronic top-quark pair production with NNLL threshold
	resummation}",
	journal        = "Nucl. Phys.",
	volume         = "B855",
	year           = "2012",
	pages          = "695-741",
	doi            = "10.1016/j.nuclphysb.2011.10.021",
	eprint         = "1109.1536",
	archivePrefix  = "arXiv",
	primaryClass   = "hep-ph",
	reportNumber   = "TTK-11-38, ITP-UU-11-26, SPIN-11-19, FR-PHENO-2011-015,
	SFB-CPP-11-49",
	SLACcitation   = "%%CITATION = ARXIV:1109.1536;%%"
}
@article{Baernreuther:2012ws,
	author         = "Bärnreuther, Peter and Czakon, Michal and Mitov,
	Alexander",
	title          = "{Percent Level Precision Physics at the Tevatron: First
	Genuine NNLO QCD Corrections to $q \bar{q} \to t \bar{t} +
	X$}",
	journal        = "Phys. Rev. Lett.",
	volume         = "109",
	year           = "2012",
	pages          = "132001",
	doi            = "10.1103/PhysRevLett.109.132001",
	eprint         = "1204.5201",
	archivePrefix  = "arXiv",
	primaryClass   = "hep-ph",
	reportNumber   = "CERN-PH-TH-2012-092",
	SLACcitation   = "%%CITATION = ARXIV:1204.5201;%%"
}
@article{Czakon:2012zr,
	author         = "Czakon, Michal and Mitov, Alexander",
	title          = "{NNLO corrections to top-pair production at hadron
	colliders: the all-fermionic scattering channels}",
	journal        = "JHEP",
	volume         = "12",
	year           = "2012",
	pages          = "054",
	doi            = "10.1007/JHEP12(2012)054",
	eprint         = "1207.0236",
	archivePrefix  = "arXiv",
	primaryClass   = "hep-ph",
	reportNumber   = "CERN-PH-TH-2012-181",
	SLACcitation   = "%%CITATION = ARXIV:1207.0236;%%"
}


@article{Czakon:2013goa,
	author         = "Czakon, Michał and Fiedler, Paul and Mitov, Alexander",
	title          = "{Total Top-Quark Pair-Production Cross Section at Hadron
	Colliders Through $O(α\frac{4}{S})$}",
	journal        = "Phys. Rev. Lett.",
	volume         = "110",
	year           = "2013",
	pages          = "252004",
	doi            = "10.1103/PhysRevLett.110.252004",
	eprint         = "1303.6254",
	archivePrefix  = "arXiv",
	primaryClass   = "hep-ph",
	reportNumber   = "CERN-PH-TH-2013-056, TTK-13-08",
	SLACcitation   = "%%CITATION = ARXIV:1303.6254;%%"
}
@article{Catani:2009sm,
	author         = "Catani, Stefano and Cieri, Leandro and Ferrera, Giancarlo
	and de Florian, Daniel and Grazzini, Massimiliano",
	title          = "{Vector boson production at hadron colliders: a fully
	exclusive QCD calculation at NNLO}",
	journal        = "Phys. Rev. Lett.",
	volume         = "103",
	year           = "2009",
	pages          = "082001",
	doi            = "10.1103/PhysRevLett.103.082001",
	eprint         = "0903.2120",
	archivePrefix  = "arXiv",
	primaryClass   = "hep-ph",
	SLACcitation   = "%%CITATION = ARXIV:0903.2120;%%"
}
@article{Kidonakis:2010tc,
	author         = "Kidonakis, Nikolaos",
	title          = "{NNLL resummation for s-channel single top quark
	production}",
	journal        = "Phys. Rev.",
	volume         = "D81",
	year           = "2010",
	pages          = "054028",
	doi            = "10.1103/PhysRevD.81.054028",
	eprint         = "1001.5034",
	archivePrefix  = "arXiv",
	primaryClass   = "hep-ph",
	SLACcitation   = "%%CITATION = ARXIV:1001.5034;%%"
}
@article{Kidonakis:2010ux,
	author         = "Kidonakis, Nikolaos",
	title          = "{Two-loop soft anomalous dimensions for single top quark
	associated production with a W- or H-}",
	journal        = "Phys. Rev.",
	volume         = "D82",
	year           = "2010",
	pages          = "054018",
	doi            = "10.1103/PhysRevD.82.054018",
	eprint         = "1005.4451",
	archivePrefix  = "arXiv",
	primaryClass   = "hep-ph",
	SLACcitation   = "%%CITATION = ARXIV:1005.4451;%%"
}
@article{Kidonakis:2011wy,
	author         = "Kidonakis, Nikolaos",
	title          = "{Next-to-next-to-leading-order collinear and soft gluon
	corrections for t-channel single top quark production}",
	journal        = "Phys. Rev.",
	volume         = "D83",
	year           = "2011",
	pages          = "091503",
	doi            = "10.1103/PhysRevD.83.091503",
	eprint         = "1103.2792",
	archivePrefix  = "arXiv",
	primaryClass   = "hep-ph",
	SLACcitation   = "%%CITATION = ARXIV:1103.2792;%%"
}
@article{Campbell:1999ah,
	author         = "Campbell, John M. and Ellis, R. Keith",
	title          = "{An Update on vector boson pair production at hadron
	colliders}",
	journal        = "Phys. Rev.",
	volume         = "D60",
	year           = "1999",
	pages          = "113006",
	doi            = "10.1103/PhysRevD.60.113006",
	eprint         = "hep-ph/9905386",
	archivePrefix  = "arXiv",
	primaryClass   = "hep-ph",
	reportNumber   = "FERMILAB-PUB-99-146-T",
	SLACcitation   = "%%CITATION = HEP-PH/9905386;%%"
}
@article{Campbell:2011bn,
	author         = "Campbell, John M. and Ellis, R. Keith and Williams,
	Ciaran",
	title          = "{Vector boson pair production at the LHC}",
	journal        = "JHEP",
	volume         = "07",
	year           = "2011",
	pages          = "018",
	doi            = "10.1007/JHEP07(2011)018",
	eprint         = "1105.0020",
	archivePrefix  = "arXiv",
	primaryClass   = "hep-ph",
	reportNumber   = "FERMILAB-PUB-11-182-T",
	SLACcitation   = "%%CITATION = ARXIV:1105.0020;%%"
}
@article{Alwall:2014hca,
	author         = "Alwall, J. and Frederix, R. and Frixione, S. and Hirschi,
	V. and Maltoni, F. and Mattelaer, O. and Shao, H. -S. and
	Stelzer, T. and Torrielli, P. and Zaro, M.",
	title          = "{The automated computation of tree-level and
	next-to-leading order differential cross sections, and
	their matching to parton shower simulations}",
	journal        = "JHEP",
	volume         = "07",
	year           = "2014",
	pages          = "079",
	doi            = "10.1007/JHEP07(2014)079",
	eprint         = "1405.0301",
	archivePrefix  = "arXiv",
	primaryClass   = "hep-ph",
	reportNumber   = "CERN-PH-TH-2014-064, CP3-14-18, LPN14-066, MCNET-14-09,
	ZU-TH-14-14",
	SLACcitation   = "%%CITATION = ARXIV:1405.0301;%%"
}
@article{deFlorian:2016spz,
	author         = "de Florian, D. and others",
	title          = "{Handbook of LHC Higgs Cross Sections: 4. Deciphering the
	Nature of the Higgs Sector}",
	collaboration  = "LHC Higgs Cross Section Working Group",
	doi            = "10.23731/CYRM-2017-002",
	year           = "2016",
	eprint         = "1610.07922",
	archivePrefix  = "arXiv",
	primaryClass   = "hep-ph",
	reportNumber   = "FERMILAB-FN-1025-T, CERN-2017-002-M",
	SLACcitation   = "%%CITATION = ARXIV:1610.07922;%%"
}
@techreport{ATL-PHYS-PUB-2016-003,
	title         = "{Monte Carlo Generators for the Production of a $W$ or
	$Z/\gamma^*$ Boson in Association with Jets at ATLAS in Run
	2}",
	institution   = "CERN",
	address       = "Geneva",
	number        = "ATL-PHYS-PUB-2016-003",
	month         = "Jan",
	year          = "2016",
	reportNumber  = "ATL-PHYS-PUB-2016-003",
	url           = "https://cds.cern.ch/record/2120133",
}
@article{Aad:2010ah,
	author         = "Aad, G. and others",
	title          = "{The ATLAS Simulation Infrastructure}",
	collaboration  = "ATLAS",
	journal        = "Eur. Phys. J.",
	volume         = "C70",
	year           = "2010",
	pages          = "823-874",
	doi            = "10.1140/epjc/s10052-010-1429-9",
	eprint         = "1005.4568",
	archivePrefix  = "arXiv",
	primaryClass   = "physics.ins-det",
	SLACcitation   = "%%CITATION = ARXIV:1005.4568;%%"
}
@article{Agostinelli:2002hh,
	author         = "Agostinelli, S. and others",
	title          = "{GEANT4: A Simulation toolkit}",
	collaboration  = "GEANT4",
	journal        = "Nucl. Instrum. Meth.",
	volume         = "A506",
	year           = "2003",
	pages          = "250-303",
	doi            = "10.1016/S0168-9002(03)01368-8",
	reportNumber   = "SLAC-PUB-9350, FERMILAB-PUB-03-339",
	SLACcitation   = "%%CITATION = NUIMA,A506,250;%%"
}
@techreport{Richter-Was:683751,
	author        = "Richter-Was, Elzbieta and Froidevaux, D and Poggioli, Luc",
	title         = "{ATLFAST 2.0 a fast simulation package for ATLAS}",
	institution   = "CERN",
	address       = "Geneva",
	number        = "ATL-PHYS-98-131",
	month         = "Nov",
	year          = "1998",
	reportNumber  = "ATL-PHYS-98-131",
	url           = "https://cds.cern.ch/record/683751",
}
@article{ATLAS:2012an,
	author         = "Aad, Georges and others",
	title          = "{Measurement of the charge asymmetry in top quark pair
	production in $pp$ collisions at $\sqrt{s}=7$ TeV using
	the ATLAS detector}",
	collaboration  = "ATLAS",
	journal        = "Eur. Phys. J.",
	volume         = "C72",
	year           = "2012",
	pages          = "2039",
	doi            = "10.1140/epjc/s10052-012-2039-5",
	eprint         = "1203.4211",
	archivePrefix  = "arXiv",
	primaryClass   = "hep-ex",
	reportNumber   = "CERN-PH-EP-2012-015",
	SLACcitation   = "%%CITATION = ARXIV:1203.4211;%%"
}
@article{Erdmann:2013rxa,
	author         = "Erdmann, Johannes and Guindon, Stefan and Kroeninger,
	Kevin and Lemmer, Boris and Nackenhorst, Olaf and Quadt,
	Arnulf and Stolte, Philipp",
	title          = "{A likelihood-based reconstruction algorithm for
	top-quark pairs and the KLFitter framework}",
	journal        = "Nucl. Instrum. Meth.",
	volume         = "A748",
	year           = "2014",
	pages          = "18-25",
	doi            = "10.1016/j.nima.2014.02.029",
	eprint         = "1312.5595",
	archivePrefix  = "arXiv",
	primaryClass   = "hep-ex",
	SLACcitation   = "%%CITATION = ARXIV:1312.5595;%%"
}