@article{Aad:2010ah,
	author = {{ATLAS Collaboration, }},
	title          = "{The ATLAS Simulation Infrastructure}",
	collaboration  = "ATLAS",
	journal        = "Eur. Phys. J.",
	volume         = "C70",
	year           = "2010",
	pages          = "823-874",
	doi            = "10.1140/epjc/s10052-010-1429-9",
	eprint         = "1005.4568",
	archivePrefix  = "arXiv",
	primaryClass   = "physics.ins-det",
	SLACcitation   = "%%CITATION = ARXIV:1005.4568;%%"
}


@article{Pinfold:2009oia,
	author = {{MoEDAL Collaboration, }},
	title          = "{Technical Design Report of the MoEDAL Experiment}",
	collaboration  = "MoEDAL",
	year           = "2009",
	reportNumber   = "CERN-LHCC-2009-006, MoEDAL-TDR-001",
	SLACcitation   = "%%CITATION = CERN-LHCC-2009-006;%%"
}



@techreport{Nakahama:2015211,
		author = {{ATLAS Collaboration, }},

	title         = "{The ATLAS Trigger System: Ready for Run-2}",
	institution   = "CERN",
	address       = "Geneva",
	number        = "ATL-DAQ-PROC-2015-006. 8",
	month         = "May",
	year          = "2015",
	reportNumber  = "ATL-DAQ-PROC-2015-006",
	url           = "https://cds.cern.ch/record/2015211",
}

@techreport{ATL-PHYS-PUB-2015-015,
		author = {{ATLAS Collaboration, }},
	title         = "{Jet Calibration and Systematic Uncertainties for Jets
	Reconstructed in the ATLAS Detector at $\sqrt{s}=13$ TeV}",
	institution   = "CERN",
	address       = "Geneva",
	number        = "ATL-PHYS-PUB-2015-015",
	month         = "Jul",
	year          = "2015",
	reportNumber  = "ATL-PHYS-PUB-2015-015",
	url           = "https://cds.cern.ch/record/2037613",
}


@article{Alwall:2014hca,
	author         = "Alwall, J. and Frederix, R. and Frixione, S. and Hirschi,
	V. and Maltoni, F. and Mattelaer, O. and Shao, H. -S. and
	Stelzer, T. and Torrielli, P. and Zaro, M.",
	title          = "{The automated computation of tree-level and
	next-to-leading order differential cross sections, and
	their matching to parton shower simulations}",
	journal        = "JHEP",
	volume         = "07",
	year           = "2014",
	pages          = "079",
	doi            = "10.1007/JHEP07(2014)079",
	eprint         = "1405.0301",
	archivePrefix  = "arXiv",
	primaryClass   = "hep-ph",
	reportNumber   = "CERN-PH-TH-2014-064, CP3-14-18, LPN14-066, MCNET-14-09,
	ZU-TH-14-14",
	SLACcitation   = "%%CITATION = ARXIV:1405.0301;%%"
}

@article{Sjostrand:2007gs,
	author         = "Sjostrand, Torbjorn and Mrenna, Stephen and Skands, Peter
	Z.",
	title          = "{A Brief Introduction to PYTHIA 8.1}",
	journal        = "Comput. Phys. Commun.",
	volume         = "178",
	year           = "2008",
	pages          = "852-867",
	doi            = "10.1016/j.cpc.2008.01.036",
	eprint         = "0710.3820",
	archivePrefix  = "arXiv",
	primaryClass   = "hep-ph",
	reportNumber   = "CERN-LCGAPP-2007-04, LU-TP-07-28,
	FERMILAB-PUB-07-512-CD-T",
	SLACcitation   = "%%CITATION = ARXIV:0710.3820;%%"
}


@techreport{ATL-PHYS-PUB-2014-021,
	author = {{ATLAS Collaboration, }},
	title         = "{ATLAS Run 1 Pythia8 tunes}",
	institution   = "CERN",
	address       = "Geneva",
	number        = "ATL-PHYS-PUB-2014-021",
	month         = "Nov",
	year          = "2014",
	reportNumber  = "ATL-PHYS-PUB-2014-021",
	url           = "https://cds.cern.ch/record/1966419",
}

@techreport{ATL-PHYS-PUB-2015-022,
	author = {{ATLAS Collaboration, }},
	title         = "{Expected performance of the ATLAS $b$-tagging algorithms
	in Run-2}",
	institution   = "CERN",
	address       = "Geneva",
	number        = "ATL-PHYS-PUB-2015-022",
	month         = "Jul",
	year          = "2015",
	reportNumber  = "ATL-PHYS-PUB-2015-022",
	url           = "https://cds.cern.ch/record/2037697",
}


@article{Aad:2015ina,
	author = {{ATLAS Collaboration, }},
	title          = "{Performance of pile-up mitigation techniques for jets in
	$pp$ collisions at $\sqrt{s}=8$  TeV using the ATLAS
	detector}",
	collaboration  = "ATLAS",
	journal        = "Eur. Phys. J.",
	volume         = "C76",
	year           = "2016",
	number         = "11",
	pages          = "581",
	doi            = "10.1140/epjc/s10052-016-4395-z",
	eprint         = "1510.03823",
	archivePrefix  = "arXiv",
	primaryClass   = "hep-ex",
	reportNumber   = "CERN-PH-EP-2015-206",
	SLACcitation   = "%%CITATION = ARXIV:1510.03823;%%"
}


@article{Aad:2016jkr,
author = {{ATLAS Collaboration, }},
	title          = "{Muon reconstruction performance of the ATLAS detector in
	proton–proton collision data at $\sqrt{s}$ =13 TeV}",
	collaboration  = "ATLAS",
	journal        = "Eur. Phys. J.",
	volume         = "C76",
	year           = "2016",
	number         = "5",
	pages          = "292",
	doi            = "10.1140/epjc/s10052-016-4120-y",
	eprint         = "1603.05598",
	archivePrefix  = "arXiv",
	primaryClass   = "hep-ex",
	reportNumber   = "CERN-EP-2016-033",
	SLACcitation   = "%%CITATION = ARXIV:1603.05598;%%"
}



@article{ATLAS:2016iqc,
	author = {{ATLAS Collaboration, }},
	
	title          = "{Electron efficiency measurements with the ATLAS detector
	using the 2015 LHC proton-proton collision data}",
	collaboration  = "ATLAS",
	year           = "2016",
	reportNumber   = "ATLAS-CONF-2016-024",
	SLACcitation   = "%%CITATION = ATLAS-CONF-2016-024;%%"
}


@article{Aad:2011mk,
	author = {{ATLAS Collaboration, }},
	title          = "{Electron performance measurements with the ATLAS
	detector using the 2010 LHC proton-proton collision data}",
	collaboration  = "ATLAS",
	journal        = "Eur. Phys. J.",
	volume         = "C72",
	year           = "2012",
	pages          = "1909",
	doi            = "10.1140/epjc/s10052-012-1909-1",
	eprint         = "1110.3174",
	archivePrefix  = "arXiv",
	primaryClass   = "hep-ex",
	reportNumber   = "CERN-PH-EP-2011-117",
	SLACcitation   = "%%CITATION = ARXIV:1110.3174;%%"
}




%%%%%%%%%%%%%%%%%%%%%%%%%%%%%%%%%%%%%%
@article{Czakon:2011xx,
	author         = "Czakon, Michal and Mitov, Alexander",
	title          = "{Top++: A Program for the Calculation of the Top-Pair
	Cross-Section at Hadron Colliders}",
	journal        = "Comput. Phys. Commun.",
	volume         = "185",
	year           = "2014",
	pages          = "2930",
	doi            = "10.1016/j.cpc.2014.06.021",
	eprint         = "1112.5675",
	archivePrefix  = "arXiv",
	primaryClass   = "hep-ph",
	reportNumber   = "CERN-PH-TH-2011-303, TTK-11-58",
	SLACcitation   = "%%CITATION = ARXIV:1112.5675;%%"
}



@article{Gao:2013xoa,
	author         = "Gao, Jun and Guzzi, Marco and Huston, Joey and Lai,
	Hung-Liang and Li, Zhao and Nadolsky, Pavel and Pumplin,
	Jon and Stump, Daniel and Yuan, C. -P.",
	title          = "{CT10 next-to-next-to-leading order global analysis of
	QCD}",
	journal        = "Phys. Rev.",
	volume         = "D89",
	year           = "2014",
	number         = "3",
	pages          = "033009",
	doi            = "10.1103/PhysRevD.89.033009",
	eprint         = "1302.6246",
	archivePrefix  = "arXiv",
	primaryClass   = "hep-ph",
	reportNumber   = "SMU-HEP-12-23",
	SLACcitation   = "%%CITATION = ARXIV:1302.6246;%%"
}

@article{double,
	institution   = "CERN",
	author = {{ATLAS Top Working Group, }},
	title = {NNLO+NNLL top-quark-pair cross sections},
	year = 2017,
	url = {https://twiki.cern.ch/twiki/bin/view/LHCPhysics/TtbarNNLO},
	urldate = {2017-12-26}
}

@article{single,
	institution   = "CERN",
	author = {{ATLAS Top Working Group, }},
	title = {NLO single-top channel cross sections},
	year = 2017,
	url = {https://twiki.cern.ch/twiki/bin/view/LHCPhysics/SingleTopRefXsec},
	urldate = {2017-12-26}
}

@article{Martin:2009iq,
	author         = "Martin, A. D. and Stirling, W. J. and Thorne, R. S. and
	Watt, G.",
	title          = "{Parton distributions for the LHC}",
	journal        = "Eur. Phys. J.",
	volume         = "C63",
	year           = "2009",
	pages          = "189-285",
	doi            = "10.1140/epjc/s10052-009-1072-5",
	eprint         = "0901.0002",
	archivePrefix  = "arXiv",
	primaryClass   = "hep-ph",
	reportNumber   = "IPPP-08-95, DCPT-08-190, CAVENDISH-HEP-08-16",
	SLACcitation   = "%%CITATION = ARXIV:0901.0002;%%"
}
	
@article{Aliev:2010zk,
	author         = "Aliev, M. and Lacker, H. and Langenfeld, U. and Moch, S.
	and Uwer, P. and Wiedermann, M.",
	title          = "{HATHOR: HAdronic Top and Heavy quarks crOss section
	calculatoR}",
	journal        = "Comput. Phys. Commun.",
	volume         = "182",
	year           = "2011",
	pages          = "1034-1046",
	doi            = "10.1016/j.cpc.2010.12.040",
	eprint         = "1007.1327",
	archivePrefix  = "arXiv",
	primaryClass   = "hep-ph",
	reportNumber   = "DESY-10-091, HU-EP-10-33, SFB-CPP-10-60",
	SLACcitation   = "%%CITATION = ARXIV:1007.1327;%%"
}
	
	@article{Kant:2014oha,
	author         = "Kant, P. and Kind, O. M. and Kintscher, T. and Lohse, T.
	and Martini, T. and Mölbitz, S. and Rieck, P. and Uwer,
	P.",
	title          = "{HatHor  for single top-quark production: Updated
	predictions and uncertainty estimates for single top-quark
	production in hadronic collisions}",
	journal        = "Comput. Phys. Commun.",
	volume         = "191",
	year           = "2015",
	pages          = "74-89",
	doi            = "10.1016/j.cpc.2015.02.001",
	eprint         = "1406.4403",
	archivePrefix  = "arXiv",
	primaryClass   = "hep-ph",
	reportNumber   = "HU-EP-14-22",
	SLACcitation   = "%%CITATION = ARXIV:1406.4403;%%"
	}
	@article{Botje:2011sn,
	author         = "Botje, Michiel and others",
	title          = "{The PDF4LHC Working Group Interim Recommendations}",
	year           = "2011",
	eprint         = "1101.0538",
	archivePrefix  = "arXiv",
	primaryClass   = "hep-ph",
	SLACcitation   = "%%CITATION = ARXIV:1101.0538;%%"
	}
	
	@article{Martin:2009bu,
	author         = "Martin, A. D. and Stirling, W. J. and Thorne, R. S. and
	Watt, G.",
	title          = "{Uncertainties on alpha(S) in global PDF analyses and
	implications for predicted hadronic cross sections}",
	journal        = "Eur. Phys. J.",
	volume         = "C64",
	year           = "2009",
	pages          = "653-680",
	doi            = "10.1140/epjc/s10052-009-1164-2",
	eprint         = "0905.3531",
	archivePrefix  = "arXiv",
	primaryClass   = "hep-ph",
	reportNumber   = "IPPP-09-33, DCPT-09-66, CAVENDISH-HEP-09-06",
	SLACcitation   = "%%CITATION = ARXIV:0905.3531;%%"
	}
	
	@article{Lai:2010vv,
	author         = "Lai, Hung-Liang and Guzzi, Marco and Huston, Joey and Li,
	Zhao and Nadolsky, Pavel M. and Pumplin, Jon and Yuan, C.
	-P.",
	title          = "{New parton distributions for collider physics}",
	journal        = "Phys. Rev.",
	volume         = "D82",
	year           = "2010",
	pages          = "074024",
	doi            = "10.1103/PhysRevD.82.074024",
	eprint         = "1007.2241",
	archivePrefix  = "arXiv",
	primaryClass   = "hep-ph",
	reportNumber   = "MSUHEP-100707, SMU-HEP-10-10",
	SLACcitation   = "%%CITATION = ARXIV:1007.2241;%%"
	}
	
	@article{Ball:2012cx,
	author         = "Ball, Richard D. and others",
	title          = "{Parton distributions with LHC data}",
	journal        = "Nucl. Phys.",
	volume         = "B867",
	year           = "2013",
	pages          = "244-289",
	doi            = "10.1016/j.nuclphysb.2012.10.003",
	eprint         = "1207.1303",
	archivePrefix  = "arXiv",
	primaryClass   = "hep-ph",
	reportNumber   = "EDINBURGH-2012-08, IFUM-FT-997, FR-PHENO-2012-014,
	RWTH-TTK-12-25, CERN-PH-TH-2012-037, SFB-CPP-12-47",
	SLACcitation   = "%%CITATION = ARXIV:1207.1303;%%"
	}
}

%%%%%%%%%%%%%%%%%%%%%%%%%%%%%%%%%%%%%%
@article{Butterworth:2015oua,
	author         = "Butterworth, Jon and others",
	title          = "{PDF4LHC recommendations for LHC Run II}",
	journal        = "J. Phys.",
	volume         = "G43",
	year           = "2016",
	pages          = "023001",
	doi            = "10.1088/0954-3899/43/2/023001",
	eprint         = "1510.03865",
	archivePrefix  = "arXiv",
	primaryClass   = "hep-ph",
	reportNumber   = "OUTP-15-17P, SMU-HEP-15-12, TIF-UNIMI-2015-14,
	LCTS-2015-27, CERN-PH-TH-2015-249",
	SLACcitation   = "%%CITATION = ARXIV:1510.03865;%%"
}

@article{Harland-Lang:2014zoa,
	author         = "Harland-Lang, L. A. and Martin, A. D. and Motylinski, P.
	and Thorne, R. S.",
	title          = "{Parton distributions in the LHC era: MMHT 2014 PDFs}",
	journal        = "Eur. Phys. J.",
	volume         = "C75",
	year           = "2015",
	number         = "5",
	pages          = "204",
	doi            = "10.1140/epjc/s10052-015-3397-6",
	eprint         = "1412.3989",
	archivePrefix  = "arXiv",
	primaryClass   = "hep-ph",
	reportNumber   = "LCTS-2014-47, IPPP-14-97, DCPT-14-194",
	SLACcitation   = "%%CITATION = ARXIV:1412.3989;%%"
}


@article{Bellm:2015jjp,
	author         = "Bellm, Johannes and others",
	title          = "{Herwig 7.0/Herwig++ 3.0 release note}",
	journal        = "Eur. Phys. J.",
	volume         = "C76",
	year           = "2016",
	number         = "4",
	pages          = "196",
	doi            = "10.1140/epjc/s10052-016-4018-8",
	eprint         = "1512.01178",
	archivePrefix  = "arXiv",
	primaryClass   = "hep-ph",
	reportNumber   = "CERN-PH-TH-2015-289, MAN-HEP-2015-15, IFJPAN-IV-2015-13,
	HERWIG-2015-01, KA-TP-18-2015, DCPT-15-142, MCNET-15-28,
	IPPP-15-71, --HERWIG-2015-01",
	SLACcitation   = "%%CITATION = ARXIV:1512.01178;%%"
}

@article{Heinrich:2017bqp,
	author         = "Heinrich, G. and Maier, Andreas and Nisius, Richard and
	Schlenk, Johannes and Schulze, Markus and Scyboz, Ludovic
	and Winter, Jan",
	title          = "{NLO and off-shell effects in top quark mass
	determinations}",
	year           = "2017",
	eprint         = "1709.08615",
	archivePrefix  = "arXiv",
	primaryClass   = "hep-ph",
	reportNumber   = "MPP-2017-197, IPPP-17-69, HU-EP-17-22, MSUHEP-170922",
	SLACcitation   = "%%CITATION = ARXIV:1709.08615;%%"
}



@article{Ball:2012cx,
	author         = "Ball, Richard D. and others",
	title          = "{Parton distributions with LHC data}",
	journal        = "Nucl. Phys.",
	volume         = "B867",
	year           = "2013",
	pages          = "244-289",
	doi            = "10.1016/j.nuclphysb.2012.10.003",
	eprint         = "1207.1303",
	archivePrefix  = "arXiv",
	primaryClass   = "hep-ph",
	reportNumber   = "EDINBURGH-2012-08, IFUM-FT-997, FR-PHENO-2012-014,
	RWTH-TTK-12-25, CERN-PH-TH-2012-037, SFB-CPP-12-47",
	SLACcitation   = "%%CITATION = ARXIV:1207.1303;%%"
}
@article{Kobayashi:1973fv,
	author         = "Kobayashi, Makoto and Maskawa, Toshihide",
	title          = "{CP Violation in the Renormalizable Theory of Weak
	Interaction}",
	journal        = "Prog. Theor. Phys.",
	volume         = "49",
	year           = "1973",
	pages          = "652-657",
	doi            = "10.1143/PTP.49.652",
	reportNumber   = "KUNS-242",
	SLACcitation   = "%%CITATION = PTPKA,49,652;%%"
}
@article{Bethke:2000ai,
	author         = "Bethke, S.",
	title          = "{Determination of the QCD coupling $\alpha_s$}",
	journal        = "J. Phys.",
	volume         = "G26",
	year           = "2000",
	pages          = "R27",
	doi            = "10.1088/0954-3899/26/7/201",
	eprint         = "hep-ex/0004021",
	archivePrefix  = "arXiv",
	primaryClass   = "hep-ex",
	reportNumber   = "MPI-PHE-2000-07",
	SLACcitation   = "%%CITATION = HEP-EX/0004021;%%"
}


@techreport{ATLAS-CONF-2015-039,
	author = {{ATLAS Collaboration, }},
	title         = "{Measurement of W and Z Boson Production Cross Sections in
	pp Collisions at root s = 13 TeV in the ATLAS Detector}",
	institution   = "CERN",
	address       = "Geneva",
	number        = "ATLAS-CONF-2015-039",
	month         = "Aug",
	year          = "2015",
	reportNumber  = "ATLAS-CONF-2015-039",
	url           = "https://cds.cern.ch/record/2045487",
}

@article{Berends:1990ax,
	author         = "Berends, Frits A. and Kuijf, H. and Tausk, B. and Giele,
	W. T.",
	title          = "{On the production of a W and jets at hadron colliders}",
	journal        = "Nucl. Phys.",
	volume         = "B357",
	year           = "1991",
	pages          = "32-64",
	doi            = "10.1016/0550-3213(91)90458-A",
	reportNumber   = "FERMILAB-PUB-90-213-T",
	SLACcitation   = "%%CITATION = NUPHA,B357,32;%%"
}

@techreport{ATL-PHYS-PUB-2016-005,
	author = {{ATLAS Collaboration, }},
	title         = "{Modelling of the $t\bar{t}H$ and $t\bar{t}V$ $(V=W,Z)$
	processes for $\sqrt{s}=13$ TeV ATLAS analyses}",
	institution   = "CERN",
	address       = "Geneva",
	number        = "ATL-PHYS-PUB-2016-005",
	month         = "Jan",
	year          = "2016",
	reportNumber  = "ATL-PHYS-PUB-2016-005",
	url           = "https://cds.cern.ch/record/2120826",
}

@article{Alwall:2014hca,
	author         = "Alwall, J. and Frederix, R. and Frixione, S. and Hirschi,
	V. and Maltoni, F. and Mattelaer, O. and Shao, H. -S. and
	Stelzer, T. and Torrielli, P. and Zaro, M.",
	title          = "{The automated computation of tree-level and
	next-to-leading order differential cross sections, and
	their matching to parton shower simulations}",
	journal        = "JHEP",
	volume         = "07",
	year           = "2014",
	pages          = "079",
	doi            = "10.1007/JHEP07(2014)079",
	eprint         = "1405.0301",
	archivePrefix  = "arXiv",
	primaryClass   = "hep-ph",
	reportNumber   = "CERN-PH-TH-2014-064, CP3-14-18, LPN14-066, MCNET-14-09,
	ZU-TH-14-14",
	SLACcitation   = "%%CITATION = ARXIV:1405.0301;%%"
}

@techreport{ATL-PHYS-PUB-2016-002,
	author = {{ATLAS Collaboration, }},
	title         = "{Multi-Boson Simulation for 13 TeV ATLAS Analyses}",
	institution   = "CERN",
	address       = "Geneva",
	number        = "ATL-PHYS-PUB-2016-002",
	month         = "Jan",
	year          = "2016",
	reportNumber  = "ATL-PHYS-PUB-2016-002",
	url           = "https://cds.cern.ch/record/2119986",
}

%U
@article{Kidonakis:2010ux,
	author         = "Kidonakis, Nikolaos",
	title          = "{Two-loop soft anomalous dimensions for single top quark
	associated production with a W- or H-}",
	journal        = "Phys. Rev.",
	volume         = "D82",
	year           = "2010",
	pages          = "054018",
	doi            = "10.1103/PhysRevD.82.054018",
	eprint         = "1005.4451",
	archivePrefix  = "arXiv",
	primaryClass   = "hep-ph",
	SLACcitation   = "%%CITATION = ARXIV:1005.4451;%%"
}

@article{Kidonakis:2011wy,
author         = "Kidonakis, Nikolaos",
title          = "{Next-to-next-to-leading-order collinear and soft gluon
corrections for t-channel single top quark production}",
journal        = "Phys. Rev.",
volume         = "D83",
year           = "2011",
pages          = "091503",
doi            = "10.1103/PhysRevD.83.091503",
eprint         = "1103.2792",
archivePrefix  = "arXiv",
primaryClass   = "hep-ph",
SLACcitation   = "%%CITATION = ARXIV:1103.2792;%%"
}


@article{Kidonakis:2010tc,
	author         = "Kidonakis, Nikolaos",
	title          = "{NNLL resummation for s-channel single top quark
	production}",
	journal        = "Phys. Rev.",
	volume         = "D81",
	year           = "2010",
	pages          = "054028",
	doi            = "10.1103/PhysRevD.81.054028",
	eprint         = "1001.5034",
	archivePrefix  = "arXiv",
	primaryClass   = "hep-ph",
	SLACcitation   = "%%CITATION = ARXIV:1001.5034;%%"
}
%
@article{Aaboud:2017all,
  author = {{ATLAS Collaboration, }},
	title          = "{Performance of the ATLAS Track Reconstruction Algorithms
	in Dense Environments in LHC Run 2}",
	collaboration  = "ATLAS",
	journal        = "Eur. Phys. J.",
	volume         = "C77",
	year           = "2017",
	number         = "10",
	pages          = "673",
	doi            = "10.1140/epjc/s10052-017-5225-7",
	eprint         = "1704.07983",
	archivePrefix  = "arXiv",
	primaryClass   = "hep-ex",
	reportNumber   = "CERN-EP-2017-045",
	SLACcitation   = "%%CITATION = ARXIV:1704.07983;%%"
}

@techreport{ATL-PHYS-PUB-2015-051,
	author = {{ATLAS Collaboration, }},
	title         = "{Early Inner Detector Tracking Performance in the 2015
	data at $\sqrt s$ = 13 TeV}",
	institution   = "CERN",
	address       = "Geneva",
	number        = "ATL-PHYS-PUB-2015-051",
	month         = "Dec",
	year          = "2015",
	reportNumber  = "ATL-PHYS-PUB-2015-051",
	url           = "https://cds.cern.ch/record/2110140",
}

@article{Aaboud:2016hhf,
	  author = {{ATLAS Collaboration, }},
	title          = "{Luminosity determination in pp collisions at $\sqrt{s}$
	= 8 TeV using the ATLAS detector at the LHC}",
	collaboration  = "ATLAS",
	journal        = "Eur. Phys. J.",
	volume         = "C76",
	year           = "2016",
	number         = "12",
	pages          = "653",
	doi            = "10.1140/epjc/s10052-016-4466-1",
	eprint         = "1608.03953",
	archivePrefix  = "arXiv",
	primaryClass   = "hep-ex",
	reportNumber   = "CERN-EP-2016-117",
	SLACcitation   = "%%CITATION = ARXIV:1608.03953;%%"
}


@article{Aad:2012re,
	author = {{ATLAS Collaboration, }},
	title          = "{Performance of Missing Transverse Momentum
	Reconstruction in Proton-Proton Collisions at 7 TeV with
	ATLAS}",
	collaboration  = "ATLAS",
	journal        = "Eur. Phys. J.",
	volume         = "C72",
	year           = "2012",
	pages          = "1844",
	doi            = "10.1140/epjc/s10052-011-1844-6",
	eprint         = "1108.5602",
	archivePrefix  = "arXiv",
	primaryClass   = "hep-ex",
	reportNumber   = "CERN-PH-EP-2011-114",
	SLACcitation   = "%%CITATION = ARXIV:1108.5602;%%"
}
@techreport{ATLAS-CONF-2014-046,
	author = {{ATLAS Collaboration, }},
	title         = "{Calibration of the performance of $b$-tagging for $c$ and
	light-flavour jets in the 2012 ATLAS data}",
	institution   = "CERN",
	address       = "Geneva",
	number        = "ATLAS-CONF-2014-046",
	month         = "Jul",
	year          = "2014",
	reportNumber  = "ATLAS-CONF-2014-046",
	url           = "https://cds.cern.ch/record/1741020",
}

@techreport{ATLAS-CONF-2014-004,
	author = {{ATLAS Collaboration, }},
	title         = "{Calibration of $b$-tagging using dileptonic top pair
	events in a combinatorial likelihood approach with the
	ATLAS experiment}",
	institution   = "CERN",
	address       = "Geneva",
	number        = "ATLAS-CONF-2014-004",
	month         = "Feb",
	year          = "2014",
	reportNumber  = "ATLAS-CONF-2014-004",
	url           = "https://cds.cern.ch/record/1664335",
}


@techreport{ATL-PHYS-PUB-2015-022,
	author = {{ATLAS Collaboration, }},
	title         = "{Expected performance of the ATLAS $b$-tagging algorithms
	in Run-2}",
	institution   = "CERN",
	address       = "Geneva",
	number        = "ATL-PHYS-PUB-2015-022",
	month         = "Jul",
	year          = "2015",
	reportNumber  = "ATL-PHYS-PUB-2015-022",
	url           = "https://cds.cern.ch/record/2037697",
}

%
@article{ATLAS:2016iqc,
	author         = {{The ATLAS collaboration}},
	title          = "{Electron efficiency measurements with the ATLAS detector
	using the 2015 LHC proton-proton collision data}",
	collaboration  = "ATLAS",
	year           = "2016",
	reportNumber   = "ATLAS-CONF-2016-024",
	SLACcitation   = "%%CITATION = ATLAS-CONF-2016-024;%%"
}

@techreport{ATL-PHYS-PUB-2016-015,
	author = {{ATLAS Collaboration, }},
	title         = "{Electron and photon energy calibration with the ATLAS
	detector using data collected in 2015 at $\sqrt{s} = 13
	\mathrm{\ Te\kern -0.1em V}$}",
	institution   = "CERN",
	collaboration = "ATLAS Collaboration",
	address       = "Geneva",
	number        = "ATL-PHYS-PUB-2016-015",
	month         = "Aug",
	year          = "2016",
	reportNumber  = "ATL-PHYS-PUB-2016-015",
	url           = "https://cds.cern.ch/record/2203514",
}
@article{Aad:2011mk,
	author = {{ATLAS Collaboration, }},
	title          = "{Electron performance measurements with the ATLAS
	detector using the 2010 LHC proton-proton collision data}",
	collaboration  = "ATLAS",
	journal        = "Eur. Phys. J.",
	volume         = "C72",
	year           = "2012",
	pages          = "1909",
	doi            = "10.1140/epjc/s10052-012-1909-1",
	eprint         = "1110.3174",
	archivePrefix  = "arXiv",
	primaryClass   = "hep-ex",
	reportNumber   = "CERN-PH-EP-2011-117",
	SLACcitation   = "%%CITATION = ARXIV:1110.3174;%%"
}

@article{Aad:2016jkr,
author = {{ATLAS Collaboration, }},
	title          = "{Muon reconstruction performance of the ATLAS detector in
	proton–proton collision data at $\sqrt{s}$ =13 TeV}",
	collaboration  = "ATLAS",
	journal        = "Eur. Phys. J.",
	volume         = "C76",
	year           = "2016",
	number         = "5",
	pages          = "292",
	doi            = "10.1140/epjc/s10052-016-4120-y",
	eprint         = "1603.05598",
	archivePrefix  = "arXiv",
	primaryClass   = "hep-ex",
	reportNumber   = "CERN-EP-2016-033",
	SLACcitation   = "%%CITATION = ARXIV:1603.05598;%%"
}
%%%
@article{Aad:2011he,
author = {{ATLAS Collaboration, }},
	title          = "{Jet energy measurement with the ATLAS detector in
	proton-proton collisions at $\sqrt{s}=7$ TeV}",
	collaboration  = "ATLAS",
	journal        = "Eur. Phys. J.",
	volume         = "C73",
	year           = "2013",
	number         = "3",
	pages          = "2304",
	doi            = "10.1140/epjc/s10052-013-2304-2",
	eprint         = "1112.6426",
	archivePrefix  = "arXiv",
	primaryClass   = "hep-ex",
	reportNumber   = "CERN-PH-EP-2011-191",
	SLACcitation   = "%%CITATION = ARXIV:1112.6426;%%"
}
@article{Aad:2012ag,
	author = {{ATLAS Collaboration, }},
	title          = "{ resolution in proton-proton collisions at
	$\sqrt{s}=7$ TeV recorded in 2010 with the ATLAS
	detector}",
	collaboration  = "ATLAS",
	journal        = "Eur. Phys. J.",
	volume         = "C73",
	year           = "2013",
	number         = "3",
	pages          = "2306",
	doi            = "10.1140/epjc/s10052-013-2306-0",
	eprint         = "1210.6210",
	archivePrefix  = "arXiv",
	primaryClass   = "hep-ex",
	reportNumber   = "CERN-PH-EP-2012-191",
	SLACcitation   = "%%CITATION = ARXIV:1210.6210;%%"
}


@article{Aad:2012vm,
author = {{ATLAS Collaboration, }},
	title          = "{Single hadron response measurement and calorimeter jet
	energy scale uncertainty with the ATLAS detector at the
	LHC}",
	collaboration  = "ATLAS",
	journal        = "Eur. Phys. J.",
	volume         = "C73",
	year           = "2013",
	number         = "3",
	pages          = "2305",
	doi            = "10.1140/epjc/s10052-013-2305-1",
	eprint         = "1203.1302",
	archivePrefix  = "arXiv",
	primaryClass   = "hep-ex",
	reportNumber   = "CERN-PH-EP-2012-005",
	SLACcitation   = "%%CITATION = ARXIV:1203.1302;%%"
}
			
@article{Aad:2014bia,
	author = {{ATLAS Collaboration, }},
	title          = "{Jet energy measurement and its systematic uncertainty in
	proton-proton collisions at $\sqrt{s}=7$ TeV with the
	ATLAS detector}",
	collaboration  = "ATLAS",
	journal        = "Eur. Phys. J.",
	volume         = "C75",
	year           = "2015",
	pages          = "17",
	doi            = "10.1140/epjc/s10052-014-3190-y",
	eprint         = "1406.0076",
	archivePrefix  = "arXiv",
	primaryClass   = "hep-ex",
	reportNumber   = "CERN-PH-EP-2013-222",
	SLACcitation   = "%%CITATION = ARXIV:1406.0076;%%"
}


%%%%%%%%%%%%%%%%%%%%%%%%%%%%%%%%%%%%%%%%%%%%%%%%%%%%%%%%%%%%%%%%%%%%%%%%%%%%%%%%%%%%%%%%%%%%%%%
@article{barlow2000application,
	title={Application of the bootstrap resampling technique to particle physics experiments},
	author={Barlow, Roger},
	journal={Preprint MAN-HEP-99-4},
	volume={79},
	year={2000}
}
@incollection{efron1992bootstrap,
	title={Bootstrap methods: another look at the jackknife},
	author={Efron, Bradley},
	booktitle={Breakthroughs in statistics},
	pages={569--593},
	year={1992},
	publisher={Springer}
}
%%%%%%%%%%%%%%%%%%%%%%%%%%%%%%%%%%%%%%%%%%%%%%%%%%%%%%%%%%%%%%%%%%%%%%%%%%%%%%%%%%%%%%%%%%%%%%%
@article{PubR,
	institution   = "CERN",
	author = {{ATLAS Top Working Group, }},
	title = {Summary of the ATLAS and CMS direct mtop measurements},
	year = 2017,
	url = {https://twiki.cern.ch/twiki/bin/view/AtlasPublic/TopPublicResults#Summary_Plots_Link_to_full_list},
	urldate = {2017-12-14}
}
@techreport{ATLAS-CONF-2017-071,
	author = {{ATLAS Collaboration, }},
	title         = "{Measurement of the top quark mass in the $t\bar{t}$→
	lepton+jets channel from $\sqrt{s}$=8 TeV ATLAS data}",
	institution   = "CERN",
	collaboration = "ATLAS Collaboration",
	address       = "Geneva",
	number        = "ATLAS-CONF-2017-071",
	month         = "Sep",
	year          = "2017",
	reportNumber  = "ATLAS-CONF-2017-071",
	url           = "https://cds.cern.ch/record/2285809",
}
@article{Aaboud:2016igd,
	author = {{ATLAS Collaboration, }},
	title          = "{Measurement of the top quark mass in the $t\bar{t}\to$
	dilepton channel from $\sqrt{s}=8$ TeV ATLAS data}",
	collaboration  = "ATLAS",
	journal        = "Phys. Lett.",
	volume         = "B761",
	year           = "2016",
	pages          = "350-371",
	doi            = "10.1016/j.physletb.2016.08.042",
	eprint         = "1606.02179",
	archivePrefix  = "arXiv",
	primaryClass   = "hep-ex",
	reportNumber   = "CERN-EP-2016-114",
	SLACcitation   = "%%CITATION = ARXIV:1606.02179;%%"
}


@article{ATLAS:2014wva,
	author = {{ATLAS Collaboration, }},
	title          = "{First combination of Tevatron and LHC measurements of
	the top-quark mass}",
	collaboration  = "ATLAS, CDF, CMS, D0",
	year           = "2014",
	eprint         = "1403.4427",
	archivePrefix  = "arXiv",
	primaryClass   = "hep-ex",
	reportNumber   = "ATLAS-CONF-2014-008, CDF-NOTE-11071, CMS-PAS-TOP-13-014,
	D0-NOTE-6416, FERMILAB-TM-2582-E",
	SLACcitation   = "%%CITATION = ARXIV:1403.4427;%%"
}



@article{James:2004xla,
	author         = "James, Fred and Winkler, Matthias",
	title          = "{MINUIT User's Guide}",
	year           = "2004",
	SLACcitation   = "%%CITATION = INSPIRE-1258345;%%"
}

@article{ATLAS:2016iqc,
	author = {{ATLAS Collaboration, }},
	title          = "{Electron efficiency measurements with the ATLAS detector
	using the 2015 LHC proton-proton collision data}",
	collaboration  = "ATLAS",
	year           = "2016",
	reportNumber   = "ATLAS-CONF-2016-024",
	SLACcitation   = "%%CITATION = ATLAS-CONF-2016-024;%%"
}


@article{ATLAS:2014ffa,
	author         = {{The ATLAS collaboration}},
	title          = "{Estimation of non-prompt and fake lepton backgrounds in
	final states with top quarks produced in proton-proton
	collisions at \sqrt{s}=8~TeV with the ATLAS detector}",
	collaboration  = "ATLAS",
	year           = "2014",
	reportNumber   = "ATLAS-CONF-2014-058",
	SLACcitation   = "%%CITATION = ATLAS-CONF-2014-058;%%"
}

@article{Aad:2015nba,
	author = {{ATLAS Collaboration, }},
	title          = "{Measurement of the top quark mass in the
	$t\bar{t}\rightarrow \text{ lepton+jets } $ and
	$t\bar{t}\rightarrow \text{ dilepton } $ channels using
	$\sqrt{s}=7$   ${\mathrm { TeV}}$ ATLAS data}",
	collaboration  = "ATLAS",
	journal        = "Eur. Phys. J.",
	volume         = "C75",
	year           = "2015",
	number         = "7",
	pages          = "330",
	doi            = "10.1140/epjc/s10052-015-3544-0",
	eprint         = "1503.05427",
	archivePrefix  = "arXiv",
	primaryClass   = "hep-ex",
	reportNumber   = "CERN-PH-EP-2015-050",
	SLACcitation   = "%%CITATION = ARXIV:1503.05427;%%"
}
@techreport{ATLAS-CONF-2017-069,
	author = {{ATLAS Collaboration, }},
	title         = "{Measurement of colour flow using jet-pull observables in
	$t\bar{t}$ events with the ATLAS experiment at $\sqrt{s} =
	13$ TeV}",
	institution   = "CERN",
	collaboration = "ATLAS Collaboration",
	address       = "Geneva",
	number        = "ATLAS-CONF-2017-069",
	month         = "Sep",
	year          = "2017",
	reportNumber  = "ATLAS-CONF-2017-069",
	url           = "https://cds.cern.ch/record/2285807",
}



@article{Czakon:2013goa,
	author         = "Czakon, Michał and Fiedler, Paul and Mitov, Alexander",
	title          = "{Total Top-Quark Pair-Production Cross Section at Hadron
	Colliders Through $O(α\frac{4}{S})$}",
	journal        = "Phys. Rev. Lett.",
	volume         = "110",
	year           = "2013",
	pages          = "252004",
	doi            = "10.1103/PhysRevLett.110.252004",
	eprint         = "1303.6254",
	archivePrefix  = "arXiv",
	primaryClass   = "hep-ph",
	reportNumber   = "CERN-PH-TH-2013-056, TTK-13-08",
	SLACcitation   = "%%CITATION = ARXIV:1303.6254;%%"
}
@article{Kidonakis:2010ux,
	author         = "Kidonakis, Nikolaos",
	title          = "{Two-loop soft anomalous dimensions for single top quark
	associated production with a W- or H-}",
	journal        = "Phys. Rev.",
	volume         = "D82",
	year           = "2010",
	pages          = "054018",
	doi            = "10.1103/PhysRevD.82.054018",
	eprint         = "1005.4451",
	archivePrefix  = "arXiv",
	primaryClass   = "hep-ph",
	SLACcitation   = "%%CITATION = ARXIV:1005.4451;%%"
}
@article{Kidonakis:2010tc,
	author         = "Kidonakis, Nikolaos",
	title          = "{NNLL resummation for s-channel single top quark
	production}",
	journal        = "Phys. Rev.",
	volume         = "D81",
	year           = "2010",
	pages          = "054028",
	doi            = "10.1103/PhysRevD.81.054028",
	eprint         = "1001.5034",
	archivePrefix  = "arXiv",
	primaryClass   = "hep-ph",
	SLACcitation   = "%%CITATION = ARXIV:1001.5034;%%"
}

@article{Kidonakis:2011wy,
	author         = "Kidonakis, Nikolaos",
	title          = "{Next-to-next-to-leading-order collinear and soft gluon
	corrections for t-channel single top quark production}",
	journal        = "Phys. Rev.",
	volume         = "D83",
	year           = "2011",
	pages          = "091503",
	doi            = "10.1103/PhysRevD.83.091503",
	eprint         = "1103.2792",
	archivePrefix  = "arXiv",
	primaryClass   = "hep-ph",
	SLACcitation   = "%%CITATION = ARXIV:1103.2792;%%"
}

@article{Stelzer:1998ni,
	author         = "Stelzer, T. and Sullivan, Z. and Willenbrock, S.",
	title          = "{Single top quark production at hadron colliders}",
	journal        = "Phys. Rev.",
	volume         = "D58",
	year           = "1998",
	pages          = "094021",
	doi            = "10.1103/PhysRevD.58.094021",
	eprint         = "hep-ph/9807340",
	archivePrefix  = "arXiv",
	primaryClass   = "hep-ph",
	reportNumber   = "ILL-TH-97-06",
	SLACcitation   = "%%CITATION = HEP-PH/9807340;%%"
}

@article{Stelzer:1997ns,
	author         = "Stelzer, T. and Sullivan, Z. and Willenbrock, S.",
	title          = "{Single top quark production via $W$ - gluon fusion at
	next-to-leading order}",
	journal        = "Phys. Rev.",
	volume         = "D56",
	year           = "1997",
	pages          = "5919-5927",
	doi            = "10.1103/PhysRevD.56.5919",
	eprint         = "hep-ph/9705398",
	archivePrefix  = "arXiv",
	primaryClass   = "hep-ph",
	SLACcitation   = "%%CITATION = HEP-PH/9705398;%%"
}

@article{Bordes:1994ki,
	author         = "Bordes, G. and van Eijk, B.",
	title          = "{Calculating QCD corrections to single top production in
	hadronic interactions}",
	journal        = "Nucl. Phys.",
	volume         = "B435",
	year           = "1995",
	pages          = "23-58",
	doi            = "10.1016/0550-3213(94)00460-V",
	reportNumber   = "LPC-93-12",
	SLACcitation   = "%%CITATION = NUPHA,B435,23;%%"
}
@article{Aaboud:2016ymp,
	  author = {{ATLAS Collaboration, }},
	title          = "{Measurement of the inclusive cross-sections of single
	top-quark and top-antiquark $t$-channel production in $pp$
	collisions at $\sqrt{s}$ = 13 TeV with the ATLAS
	detector}",
	collaboration  = "ATLAS",
	journal        = "JHEP",
	volume         = "04",
	year           = "2017",
	pages          = "086",
	doi            = "10.1007/JHEP04(2017)086",
	eprint         = "1609.03920",
	archivePrefix  = "arXiv",
	primaryClass   = "hep-ex",
	reportNumber   = "CERN-EP-2016-197",
	SLACcitation   = "%%CITATION = ARXIV:1609.03920;%%"
}
@article{Cabibbo:1963yz,
	author         = "Cabibbo, Nicola",
	title          = "{Unitary Symmetry and Leptonic Decays}",
	booktitle      = "{Meeting of the Italian School of Physics and Weak
	Interactions Bologna, Italy, April 26-28, 1984}",
	journal        = "Phys. Rev. Lett.",
	volume         = "10",
	year           = "1963",
	pages          = "531-533",
	doi            = "10.1103/PhysRevLett.10.531",
	note           = "[,648(1963)]",
	SLACcitation   = "%%CITATION = PRLTA,10,531;%%"
}
@book{Peskin:1995ev,
	author         = "Peskin, Michael E. and Schroeder, Daniel V.",
	title          = "{An Introduction to quantum field theory}",
	publisher      = "Addison-Wesley",
	address        = "Reading, USA",
	year           = "1995",
	url            = "http://www.slac.stanford.edu/~mpeskin/QFT.html",
	ISBN           = "9780201503975, 0201503972",
	SLACcitation   = "%%CITATION = INSPIRE-407703;%%"
}
@article{Ellis:1991qj,
	author         = "Ellis, R. Keith and Stirling, W. James and Webber, B. R.",
	title          = "{QCD and collider physics}",
	journal        = "Camb. Monogr. Part. Phys. Nucl. Phys. Cosmol.",
	volume         = "8",
	year           = "1996",
	pages          = "1-435",
	SLACcitation   = "%%CITATION = CMPCE,8,1;%%"
}
@article{politzer1973reliable,
	title={Reliable perturbative results for strong interactions?},
	author={Politzer, H David},
	journal={Physical Review Letters},
	volume={30},
	number={26},
	pages={1346},
	year={1973},
	publisher={APS}
}


%
@article{Politzer:1973fx,
      author         = "Politzer, H. David",
      title          = "{Reliable Perturbative Results for Strong Interactions?}",
      journal        = "Phys. Rev. Lett.",
      volume         = "30",
      year           = "1973",
      pages          = "1346-1349",
      doi            = "10.1103/PhysRevLett.30.1346",
      SLACcitation   = "%%CITATION = PRLTA,30,1346;%%"
}

@article{politzer1974asymptotic,
	title={Asymptotic freedom: An approach to strong interactions},
	author={Politzer, H David},
	journal={Physics Reports},
	volume={14},
	number={4},
	pages={129--180},
	year={1974},
	publisher={Elsevier}
}



@article{Politzer:1974fr,
      author         = "Politzer, H. David",
      title          = "{Asymptotic Freedom: An Approach to Strong Interactions}",
      journal        = "Phys. Rept.",
      volume         = "14",
      year           = "1974",
      pages          = "129-180",
      doi            = "10.1016/0370-1573(74)90014-3",
      reportNumber   = "PRINT-74-1223 (HARVARD)",
      SLACcitation   = "%%CITATION = PRPLC,14,129;%%"
}



@article{Politzer:1974fr,
      author         = "Politzer, H. David",
      title          = "{Asymptotic Freedom: An Approach to Strong Interactions}",
      journal        = "Phys. Rept.",
      volume         = "14",
      year           = "1974",
      pages          = "129-180",
      doi            = "10.1016/0370-1573(74)90014-3",
      reportNumber   = "PRINT-74-1223 (HARVARD)",
      SLACcitation   = "%%CITATION = PRPLC,14,129;%%"
}



@article{gross1973asymptotically,
	title={Asymptotically free gauge theories. I},
	author={Gross, David J and Wilczek, Frank},
	journal={Physical Review D},
	volume={8},
	number={10},
	pages={3633},
	year={1973},
	publisher={APS}
}

@article{Gross:1973ju,
      author         = "Gross, D. J. and Wilczek, Frank",
      title          = "{Asymptotically Free Gauge Theories. 1}",
      journal        = "Phys. Rev.",
      volume         = "D8",
      year           = "1973",
      pages          = "3633-3652",
      doi            = "10.1103/PhysRevD.8.3633",
      reportNumber   = "FERMILAB-PUB-73-049-T, FERMILAB-PUB-73-049-THY",
      SLACcitation   = "%%CITATION = PHRVA,D8,3633;%%"
}

@article{glashow1961partial,
	title={Partial-symmetries of weak interactions},
	author={Glashow, Sheldon L},
	journal={Nuclear Physics},
	volume={22},
	number={4},
	pages={579--588},
	year={1961},
	publisher={Elsevier}
}


@article{Glashow:1961tr,
      author         = "Glashow, S. L.",
      title          = "{Partial Symmetries of Weak Interactions}",
      journal        = "Nucl. Phys.",
      volume         = "22",
      year           = "1961",
      pages          = "579-588",
      doi            = "10.1016/0029-5582(61)90469-2",
      SLACcitation   = "%%CITATION = NUPHA,22,579;%%"
}

@article{salam1964electromagnetic,
	title={Electromagnetic and weak interactions},
	author={Salam, Abdus and Ward, John Clive},
	journal={Physics Letters},
	volume={13},
	number={2},
	pages={168--171},
	year={1964},
	publisher={Elsevier}
}

@article{Salam:1964ry,
      author         = "Salam, Abdus and Ward, John Clive",
      title          = "{Electromagnetic and weak interactions}",
      journal        = "Phys. Lett.",
      volume         = "13",
      year           = "1964",
      pages          = "168-171",
      doi            = "10.1016/0031-9163(64)90711-5",
      SLACcitation   = "%%CITATION = PHLTA,13,168;%%"
}

@article{weinberg1967model,
	title={A model of leptons},
	author={Weinberg, Steven},
	journal={Physical review letters},
	volume={19},
	number={21},
	pages={1264},
	year={1967},
	publisher={APS}
}

@article{Weinberg:1967tq,
      author         = "Weinberg, Steven",
      title          = "{A Model of Leptons}",
      journal        = "Phys. Rev. Lett.",
      volume         = "19",
      year           = "1967",
      pages          = "1264-1266",
      doi            = "10.1103/PhysRevLett.19.1264",
      SLACcitation   = "%%CITATION = PRLTA,19,1264;%%"
}


@article{glashow1970weak,
	title={Weak interactions with lepton-hadron symmetry},
	author={Glashow, Sheldon L and Iliopoulos, Jean and Maiani, Luciano},
	journal={Physical Review D},
	volume={2},
	number={7},
	pages={1285},
	year={1970},
	publisher={APS}
}
 @article{Glashow:1970gm,
      author         = "Glashow, S. L. and Iliopoulos, J. and Maiani, L.",
      title          = "{Weak Interactions with Lepton-Hadron Symmetry}",
      booktitle      = "{Meeting of the Italian School of Physics and Weak
                        Interactions Bologna, Italy, April 26-28, 1984}",
      journal        = "Phys. Rev.",
      volume         = "D2",
      year           = "1970",
      pages          = "1285-1292",
      doi            = "10.1103/PhysRevD.2.1285",
      SLACcitation   = "%%CITATION = PHRVA,D2,1285;%%"
}

@article{Beneke:1998ui,
	author         = "Beneke, M.",
	title          = "{Renormalons}",
	journal        = "Phys. Rept.",
	volume         = "317",
	year           = "1999",
	pages          = "1-142",
	doi            = "10.1016/S0370-1573(98)00130-6",
	eprint         = "hep-ph/9807443",
	archivePrefix  = "arXiv",
	primaryClass   = "hep-ph",
	reportNumber   = "CERN-TH-98-233",
	SLACcitation   = "%%CITATION = HEP-PH/9807443;%%"
}


@article{Tarrach:1980up,
	author         = "Tarrach, R.",
	title          = "{The Pole Mass in Perturbative QCD}",
	journal        = "Nucl. Phys.",
	volume         = "B183",
	year           = "1981",
	pages          = "384-396",
	doi            = "10.1016/0550-3213(81)90140-1",
	reportNumber   = "CPT-80/P-1215",
	SLACcitation   = "%%CITATION = NUPHA,B183,384;%%"
}




@article{ALEPH:2005ab,
       author = {{SLD Electroweak Group, DELPHI, ALEPH, SLD, SLD Heavy
       Flavour Group, OPAL, LEP Electroweak Working Group, L3, }},
      
      title          = "{Precision electroweak measurements on the $Z$
                        resonance}",
      collaboration  = "SLD Electroweak Group, DELPHI, ALEPH, SLD, SLD Heavy
                        Flavour Group, OPAL, LEP Electroweak Working Group, L3",
      journal        = "Phys. Rept.",
      volume         = "427",
      year           = "2006",
      pages          = "257-454",
      doi            = "10.1016/j.physrep.2005.12.006",
      eprint         = "hep-ex/0509008",
      archivePrefix  = "arXiv",
      primaryClass   = "hep-ex",
      reportNumber   = "SLAC-R-774",
      SLACcitation   = "%%CITATION = HEP-EX/0509008;%%"
}


@inproceedings{atlas2012search,
	  author = {{ATLAS Collaboration, }},
	title={Search for exotic same-sign dilepton signatures (b’quark, T5/3 and four top quarks production) in 4.7/fb of pp collisions at√ s= 7 TeV with the ATLAS detector},
	
	year={2012},
	organization={ATLAS-CONF-2012-130}
}

@article{ATLAS:2012hpa,
	  author = {{ATLAS Collaboration, }},
      title          = "{Search for exotic same-sign dilepton signatures
                        ($b^\prime$ quark, $T_{5/3}$ and four top quarks
                        production) in 4.7 fb$^{-1}$ of $pp$ collisions at
                        $\sqrt{s}=7$ TeV with the ATLAS detector}",
      collaboration  = "ATLAS",
      year           = "2012",
      reportNumber   = "ATLAS-CONF-2012-130",
      SLACcitation   = "%%CITATION = ATLAS-CONF-2012-130;%%"
}


@article{aad2013search,
	title={Search for pair production of heavy top-like quarks decaying to a high-pTW boson and a b quark in the lepton plus jets final state at with the ATLAS detector},
	author = {{ATLAS Collaboration, }},
	journal={Physics Letters B},
	volume={718},
	number={4},
	pages={1284--1302},
	year={2013},
	publisher={Elsevier}
}


@article{ATLAS:2012qe,
      author = {{ATLAS Collaboration, }},
      title          = "{Search for pair production of heavy top-like quarks
                        decaying to a high-pT $W$ boson and a $b$ quark in the
                        lepton plus jets final state at $\sqrt{s}$=7 TeV with the
                        ATLAS detector}",
      collaboration  = "ATLAS",
      journal        = "Phys. Lett.",
      volume         = "B718",
      year           = "2013",
      pages          = "1284-1302",
      doi            = "10.1016/j.physletb.2012.11.071",
      eprint         = "1210.5468",
      archivePrefix  = "arXiv",
      primaryClass   = "hep-ex",
      reportNumber   = "CERN-PH-EP-2012-258",
      SLACcitation   = "%%CITATION = ARXIV:1210.5468;%%"
}



@article{ALEPH:2010aa,
      author         = {{Tevatron Electroweak Working Group, CDF, DELPHI, SLD
      Electroweak and Heavy Flavour Groups, ALEPH, LEP
      Electroweak Working Group, SLD, OPAL, D0, L3,}},
      title          = "{Precision Electroweak Measurements and Constraints on
                        the Standard Model}",
      collaboration  = "Tevatron Electroweak Working Group, CDF, DELPHI, SLD
                        Electroweak and Heavy Flavour Groups, ALEPH, LEP
                        Electroweak Working Group, SLD, OPAL, D0, L3",
      year           = "2010",
      eprint         = "1012.2367",
      archivePrefix  = "arXiv",
      primaryClass   = "hep-ex",
      reportNumber   = "CERN-PH-EP-2010-095, FERMILAB-TM-2480-PPD,
                        LEPEWWG-2010-01, TEVEWWG-2010-01,
                        ALEPH-2010-001-PHYSICS-2010-001, CDF-NOTE-10338,
                        D0-NOTE-6130, DELPHI-DELPHI-2010-001-PHYS-952,
                        L3-NOTE-2837, OPAL-PR432, SLAC-PUB-14301",
      SLACcitation   = "%%CITATION = ARXIV:1012.2367;%%"
}


@article{charles2005cp,
	title={CP violation and the CKM matrix: Assessing the impact of the asymmetric B factories},
	author={Charles, J{\'e}r{\^o}me and H{\"o}cker, A and Lacker, Heiko and Laplace, Sandrine and Le Diberder, FR and Malcl{\`e}s, Julie and Ocariz, Jos{\'e} and Pivk, Muriel and Roos, Lydia},
	journal={The European Physical Journal C-Particles and Fields},
	volume={41},
	number={1},
	pages={1--131},
	year={2005},
	publisher={Springer}
}


@article{Charles:2004jd,
      author         = "Charles, J. and Hocker, Andreas and Lacker, H. and
                        Laplace, S. and Le Diberder, F. R. and Malcles, J. and
                        Ocariz, J. and Pivk, M. and Roos, L.",
      title          = "{CP violation and the CKM matrix: Assessing the impact of
                        the asymmetric $B$ factories}",
      collaboration  = "CKMfitter Group",
      journal        = "Eur. Phys. J.",
      volume         = "C41",
      year           = "2005",
      number         = "1",
      pages          = "1-131",
      doi            = "10.1140/epjc/s2005-02169-1",
      eprint         = "hep-ph/0406184",
      archivePrefix  = "arXiv",
      primaryClass   = "hep-ph",
      reportNumber   = "CPT-2004-P-030, LAL-04-21, LAPP-EXP-2004-01,
                        LPNHE-2004-01",
      SLACcitation   = "%%CITATION = HEP-PH/0406184;%%"
}



@article{Olive:2016xmw,
	author = {{Particle Data Group, }},
	
	title          = "{Review of Particle Physics}",
	collaboration  = "Particle Data Group",
	journal        = "Chin. Phys.",
	volume         = "C40",
	year           = "2016",
	number         = "10",
	pages          = "100001",
	doi            = "10.1088/1674-1137/40/10/100001",
	SLACcitation   = "%%CITATION = CHPHD,C40,100001;%%"
}

%%%%%%%%%%%%%%%%%%%%%%%%%%%%%%%%%%%%%%%%%%%%%%%%%%%%%%%%%%%%%%%%%%%%%%%%%%%%%%%%%%%%%%%%%
%Higgs Mechanism
%%%%%%%%%%%%%%%%%%%%%%%%%%%%%%%%%%%%%%%%%%%%%%%%%%%%%%%%%%%
@article{Higgs:1964ia,
      author         = "Higgs, Peter W.",
      title          = "{Broken symmetries, massless particles and gauge fields}",
      journal        = "Phys. Lett.",
      volume         = "12",
      year           = "1964",
      pages          = "132-133",
      doi            = "10.1016/0031-9163(64)91136-9",
      SLACcitation   = "%%CITATION = PHLTA,12,132;%%"
}

@article{Higgs:1964pj,
      author         = "Higgs, Peter W.",
      title          = "{Broken Symmetries and the Masses of Gauge Bosons}",
      journal        = "Phys. Rev. Lett.",
      volume         = "13",
      year           = "1964",
      pages          = "508-509",
      doi            = "10.1103/PhysRevLett.13.508",
      SLACcitation   = "%%CITATION = PRLTA,13,508;%%"
}
@article{Guralnik:1964eu,
      author         = "Guralnik, G. S. and Hagen, C. R. and Kibble, T. W. B.",
      title          = "{Global Conservation Laws and Massless Particles}",
      journal        = "Phys. Rev. Lett.",
      volume         = "13",
      year           = "1964",
      pages          = "585-587",
      doi            = "10.1103/PhysRevLett.13.585",
      SLACcitation   = "%%CITATION = PRLTA,13,585;%%"
}
@article{Englert:1964et,
      author         = "Englert, F. and Brout, R.",
      title          = "{Broken Symmetry and the Mass of Gauge Vector Mesons}",
      journal        = "Phys. Rev. Lett.",
      volume         = "13",
      year           = "1964",
      pages          = "321-323",
      doi            = "10.1103/PhysRevLett.13.321",
      SLACcitation   = "%%CITATION = PRLTA,13,321;%%"
}

@article{Aad:2012tfa,
      author = {{ATLAS Collaboration, }},
      title          = "{Observation of a new particle in the search for the
                        Standard Model Higgs boson with the ATLAS detector at the
                        LHC}",
      collaboration  = "ATLAS",
      journal        = "Phys. Lett.",
      volume         = "B716",
      year           = "2012",
      pages          = "1-29",
      doi            = "10.1016/j.physletb.2012.08.020",
      eprint         = "1207.7214",
      archivePrefix  = "arXiv",
      primaryClass   = "hep-ex",
      reportNumber   = "CERN-PH-EP-2012-218",
      SLACcitation   = "%%CITATION = ARXIV:1207.7214;%%"
}
@article{Chatrchyan:2012xdj,
      author = {{CMS Collaboration, }},
      title          = "{Observation of a new boson at a mass of 125 GeV with the
                        CMS experiment at the LHC}",
      collaboration  = "CMS",
      journal        = "Phys. Lett.",
      volume         = "B716",
      year           = "2012",
      pages          = "30-61",
      doi            = "10.1016/j.physletb.2012.08.021",
      eprint         = "1207.7235",
      archivePrefix  = "arXiv",
      primaryClass   = "hep-ex",
      reportNumber   = "CMS-HIG-12-028, CERN-PH-EP-2012-220",
      SLACcitation   = "%%CITATION = ARXIV:1207.7235;%%"
}


%%%%%%%%%%%%%%%%%%%%%%%%%%%%%%%%%%%%%%%%%%%%%%%%%%%%%%%%%%%%%%%%%%%%%%%%%%%%%%%%%%%%%%%%%%%%%%%%%%%%%%%%%%%%%%%%%%%%%%%%%%%%%%%%%%%%%%%%%%%%
%Top Quark
@article{Abe:1995hr,
	      author = {{CDF Collaboration, }},

	title          = "{Observation of top quark production in $\bar{p}p$
	collisions}",
	collaboration  = "CDF",
	journal        = "Phys. Rev. Lett.",
	volume         = "74",
	year           = "1995",
	pages          = "2626-2631",
	doi            = "10.1103/PhysRevLett.74.2626",
	eprint         = "hep-ex/9503002",
	archivePrefix  = "arXiv",
	primaryClass   = "hep-ex",
	reportNumber   = "FERMILAB-PUB-95-022-E, CDF-PUB-TOP-PUBLIC-3040,
	ANL-HEP-PR-95-44",
	SLACcitation   = "%%CITATION = HEP-EX/9503002;%%"
}

@article{Abachi:1995iq,
	      author = {{D0 Collaboration, }},
	title          = "{Observation of the top quark}",
	collaboration  = "D0",
	journal        = "Phys. Rev. Lett.",
	volume         = "74",
	year           = "1995",
	pages          = "2632-2637",
	doi            = "10.1103/PhysRevLett.74.2632",
	eprint         = "hep-ex/9503003",
	archivePrefix  = "arXiv",
	primaryClass   = "hep-ex",
	reportNumber   = "FERMILAB-PUB-95-028-E",
	SLACcitation   = "%%CITATION = HEP-EX/9503003;%%"
}
@article{Herb:1977ek,
	author         = "Herb, S. W. and others",
	title          = "{Observation of a Dimuon Resonance at 9.5-GeV in 400-GeV
	Proton-Nucleus Collisions}",
	journal        = "Phys. Rev. Lett.",
	volume         = "39",
	year           = "1977",
	pages          = "252-255",
	doi            = "10.1103/PhysRevLett.39.252",
	reportNumber   = "FERMILAB-PUB-77-058-EXP, PRINT-77-0640 (COLUMBIA),
	FERMILAB-PUB-77-058-E",
	SLACcitation   = "%%CITATION = PRLTA,39,252;%%"
}
@inproceedings{LEPEW:1994aa,
	      author = {{DELPHI, OPAL, ALEPH, LEP Electroweak Working Group, L3, }},
	title          = "{Combined preliminary data on $Z$ parameters from the LEP
	experiments and constraints on the Standard Model}",
	booktitle      = "{27th International Conference on High-energy Physics
	(ICHEP 94) Glasgow, Scotland, July 20-27, 1994}",
	collaboration  = "DELPHI, OPAL, ALEPH, LEP Electroweak Working Group, L3",
	url            = "http://preprints.cern.ch/cgi-bin/setlink?base=preprint&categ=cern&id=ppe94-187",
	year           = "1994",
	reportNumber   = "CERN-PPE-94-187",
	SLACcitation   = "%%CITATION = CERN-PPE-94-187;%%"
}
@article{Buttazzo:2013uya,
	author         = "Buttazzo, Dario and Degrassi, Giuseppe and Giardino, Pier
	Paolo and Giudice, Gian F. and Sala, Filippo and Salvio,
	Alberto and Strumia, Alessandro",
	title          = "{Investigating the near-criticality of the Higgs boson}",
	journal        = "JHEP",
	volume         = "12",
	year           = "2013",
	pages          = "089",
	doi            = "10.1007/JHEP12(2013)089",
	eprint         = "1307.3536",
	archivePrefix  = "arXiv",
	primaryClass   = "hep-ph",
	reportNumber   = "CERN-PH-TH-2013-166, FTUAM-13-20, IFT-UAM-CSIC-13-081,
	IFUP-TH",
	SLACcitation   = "%%CITATION = ARXIV:1307.3536;%%"
}


@article{Baak:2012kk,
	author         = "Baak, M. and Goebel, M. and Haller, J. and Hoecker, A.
	and Kennedy, D. and Kogler, R. and Moenig, K. and Schott,
	M. and Stelzer, J.",
	title          = "{The Electroweak Fit of the Standard Model after the
	Discovery of a New Boson at the LHC}",
	journal        = "Eur. Phys. J.",
	volume         = "C72",
	year           = "2012",
	pages          = "2205",
	doi            = "10.1140/epjc/s10052-012-2205-9",
	eprint         = "1209.2716",
	archivePrefix  = "arXiv",
	primaryClass   = "hep-ph",
	reportNumber   = "DESY-12-154",
	SLACcitation   = "%%CITATION = ARXIV:1209.2716;%%"
	
}

@article{Hill:1994hp,
	author         = "Hill, Christopher T.",
	title          = "{Topcolor assisted technicolor}",
	journal        = "Phys. Lett.",
	volume         = "B345",
	year           = "1995",
	pages          = "483-489",
	doi            = "10.1016/0370-2693(94)01660-5",
	eprint         = "hep-ph/9411426",
	archivePrefix  = "arXiv",
	primaryClass   = "hep-ph",
	reportNumber   = "FERMILAB-PUB-94-395-T",
	SLACcitation   = "%%CITATION = HEP-PH/9411426;%%"
}
@article{Hill:1991at,
	author         = "Hill, Christopher T.",
	title          = "{Topcolor: Top quark condensation in a gauge extension of
	the standard model}",
	journal        = "Phys. Lett.",
	volume         = "B266",
	year           = "1991",
	pages          = "419-424",
	doi            = "10.1016/0370-2693(91)91061-Y",
	reportNumber   = "FERMILAB-PUB-91-105-T",
	SLACcitation   = "%%CITATION = PHLTA,B266,419;%%"
}
@article{Bardeen:1989ds,
	author         = "Bardeen, William A. and Hill, Christopher T. and Lindner,
	Manfred",
	title          = "{Minimal Dynamical Symmetry Breaking of the Standard
	Model}",
	journal        = "Phys. Rev.",
	volume         = "D41",
	year           = "1990",
	pages          = "1647",
	doi            = "10.1103/PhysRevD.41.1647",
	reportNumber   = "FERMILAB-PUB-89-127-T",
	SLACcitation   = "%%CITATION = PHRVA,D41,1647;%%"
}


@article{Kidonakis:2011wy,
	author         = "Kidonakis, Nikolaos",
	title          = "{Next-to-next-to-leading-order collinear and soft gluon
	corrections for t-channel single top quark production}",
	journal        = "Phys. Rev.",
	volume         = "D83",
	year           = "2011",
	pages          = "091503",
	doi            = "10.1103/PhysRevD.83.091503",
	eprint         = "1103.2792",
	archivePrefix  = "arXiv",
	primaryClass   = "hep-ph",
	SLACcitation   = "%%CITATION = ARXIV:1103.2792;%%"
}

@article{Abazov:2009ii,
	  author = {{D0 Collaboration, }},
	title          = "{Observation of Single Top Quark Production}",
	collaboration  = "D0",
	journal        = "Phys. Rev. Lett.",
	volume         = "103",
	year           = "2009",
	pages          = "092001",
	doi            = "10.1103/PhysRevLett.103.092001",
	eprint         = "0903.0850",
	archivePrefix  = "arXiv",
	primaryClass   = "hep-ex",
	reportNumber   = "FERMILAB-PUB-09-056-E",
	SLACcitation   = "%%CITATION = ARXIV:0903.0850;%%"
}

@article{Aaltonen:2009jj,
	  author = {{CDF Collaboration, }},

	title          = "{First Observation of Electroweak Single Top Quark
	Production}",
	collaboration  = "CDF",
	journal        = "Phys. Rev. Lett.",
	volume         = "103",
	year           = "2009",
	pages          = "092002",
	doi            = "10.1103/PhysRevLett.103.092002",
	eprint         = "0903.0885",
	archivePrefix  = "arXiv",
	primaryClass   = "hep-ex",
	reportNumber   = "FERMILAB-PUB-09-059-E",
	SLACcitation   = "%%CITATION = ARXIV:0903.0885;%%"
}
	@article{Kidonakis:2010tc,
	author         = "Kidonakis, Nikolaos",
	title          = "{NNLL resummation for s-channel single top quark
	production}",
	journal        = "Phys. Rev.",
	volume         = "D81",
	year           = "2010",
	pages          = "054028",
	doi            = "10.1103/PhysRevD.81.054028",
	eprint         = "1001.5034",
	archivePrefix  = "arXiv",
	primaryClass   = "hep-ph",
	SLACcitation   = "%%CITATION = ARXIV:1001.5034;%%"
	}
@article{Kidonakis:2010ux,
	author         = "Kidonakis, Nikolaos",
	title          = "{Two-loop soft anomalous dimensions for single top quark
	associated production with a W- or H-}",
	journal        = "Phys. Rev.",
	volume         = "D82",
	year           = "2010",
	pages          = "054018",
	doi            = "10.1103/PhysRevD.82.054018",
	eprint         = "1005.4451",
	archivePrefix  = "arXiv",
	primaryClass   = "hep-ph",
	SLACcitation   = "%%CITATION = ARXIV:1005.4451;%%"
}

@article{Gribov:1972ri,
	author         = "Gribov, V. N. and Lipatov, L. N.",
	title          = "{Deep inelastic e p scattering in perturbation theory}",
	journal        = "Sov. J. Nucl. Phys.",
	volume         = "15",
	year           = "1972",
	pages          = "438-450",
	note           = "[Yad. Fiz.15,781(1972)]",
	reportNumber   = "IPTI-381-71",
	SLACcitation   = "%%CITATION = SJNCA,15,438;%%"
}
@article{Altarelli:1977zs,
	author         = "Altarelli, Guido and Parisi, G.",
	title          = "{Asymptotic Freedom in Parton Language}",
	journal        = "Nucl. Phys.",
	volume         = "B126",
	year           = "1977",
	pages          = "298-318",
	doi            = "10.1016/0550-3213(77)90384-4",
	reportNumber   = "LPTENS-77-6",
	SLACcitation   = "%%CITATION = NUPHA,B126,298;%%"
}
@article{Dokshitzer:1977sg,
	author         = "Dokshitzer, Yuri L.",
	title          = "{Calculation of the Structure Functions for Deep
	Inelastic Scattering and e+ e- Annihilation by
	Perturbation Theory in Quantum Chromodynamics.}",
	journal        = "Sov. Phys. JETP",
	volume         = "46",
	year           = "1977",
	pages          = "641-653",
	note           = "[Zh. Eksp. Teor. Fiz.73,1216(1977)]",
	SLACcitation   = "%%CITATION = SPHJA,46,641;%%"
}
@inproceedings{Hollik:2010id,
	author         = "Hollik, W.",
	title          = "{Quantum field theory and the Standard Model}",
	booktitle      = "{High-energy physics. Proceedings, 17th European School,
	ESHEP 2009, Bautzen, Germany, June 14-27, 2009}",
	url            = "https://inspirehep.net/record/881968/files/arXiv:1012.3883.pdf",
	year           = "2010",
	eprint         = "1012.3883",
	archivePrefix  = "arXiv",
	primaryClass   = "hep-ph",
	SLACcitation   = "%%CITATION = ARXIV:1012.3883;%%"
}
@article{Aad:2012tfa,
author = {{ATLAS Collaboration, }},
	title          = "{Observation of a new particle in the search for the
	Standard Model Higgs boson with the ATLAS detector at the
	LHC}",
	collaboration  = "ATLAS",
	journal        = "Phys. Lett.",
	volume         = "B716",
	year           = "2012",
	pages          = "1-29",
	doi            = "10.1016/j.physletb.2012.08.020",
	eprint         = "1207.7214",
	archivePrefix  = "arXiv",
	primaryClass   = "hep-ex",
	reportNumber   = "CERN-PH-EP-2012-218",
	SLACcitation   = "%%CITATION = ARXIV:1207.7214;%%"
}
@article{Chatrchyan:2012xdj,
	author = {{CMS Collaboration, }},
	title          = "{Observation of a new boson at a mass of 125 GeV with the
	CMS experiment at the LHC}",
	collaboration  = "CMS",
	journal        = "Phys. Lett.",
	volume         = "B716",
	year           = "2012",
	pages          = "30-61",
	doi            = "10.1016/j.physletb.2012.08.021",
	eprint         = "1207.7235",
	archivePrefix  = "arXiv",
	primaryClass   = "hep-ex",
	reportNumber   = "CMS-HIG-12-028, CERN-PH-EP-2012-220",
	SLACcitation   = "%%CITATION = ARXIV:1207.7235;%%"
}
@article{Castro:2014cva,
	author         = "Castro, Andrea",
	title          = "{Top-quark mass at hadron colliders}",
	booktitle      = "{Proceedings, 26th International Symposium on Lepton
	Photon Interactions at High Energy (LP13): San Francisco,
	United States, June 24-29, 2013}",
	collaboration  = "ATLAS, CDF, CMS, D0",
	journal        = "Int. J. Mod. Phys.",
	volume         = "A29",
	year           = "2014",
	pages          = "1430029",
	doi            = "10.1142/S0217751X1430029, 10.1142/S0217751X14300294",
	eprint         = "1404.3572",
	archivePrefix  = "arXiv",
	primaryClass   = "hep-ex",
	SLACcitation   = "%%CITATION = ARXIV:1404.3572;%%"
}
@article{tHooft:1973mfk,
	author         = "'t Hooft, Gerard",
	title          = "{Dimensional regularization and the renormalization
	group}",
	journal        = "Nucl. Phys.",
	volume         = "B61",
	year           = "1973",
	pages          = "455-468",
	doi            = "10.1016/0550-3213(73)90376-3",
	SLACcitation   = "%%CITATION = NUPHA,B61,455;%%"
}
@article{Bardeen:1978yd,
	author         = "Bardeen, William A. and Buras, A. J. and Duke, D. W. and
	Muta, T.",
	title          = "{Deep Inelastic Scattering Beyond the Leading Order in
	Asymptotically Free Gauge Theories}",
	journal        = "Phys. Rev.",
	volume         = "D18",
	year           = "1978",
	pages          = "3998",
	doi            = "10.1103/PhysRevD.18.3998",
	reportNumber   = "FERMILAB-PUB-78-042-THY, FERMILAB-PUB-78-042-T",
	SLACcitation   = "%%CITATION = PHRVA,D18,3998;%%"
}
@article{Chetyrkin:1999pq,
	author         = "Chetyrkin, K. G. and Retey, A.",
	title          = "{Renormalization and running of quark mass and field in
	the regularization invariant and MS-bar schemes at three
	loops and four loops}",
	journal        = "Nucl. Phys.",
	volume         = "B583",
	year           = "2000",
	pages          = "3-34",
	doi            = "10.1016/S0550-3213(00)00331-X",
	eprint         = "hep-ph/9910332",
	archivePrefix  = "arXiv",
	primaryClass   = "hep-ph",
	reportNumber   = "TTP-99-43",
	SLACcitation   = "%%CITATION = HEP-PH/9910332;%%"
}
@article{Smith:1996xz,
	author         = "Smith, Martin C. and Willenbrock, Scott S.",
	title          = "{Top quark pole mass}",
	journal        = "Phys. Rev. Lett.",
	volume         = "79",
	year           = "1997",
	pages          = "3825-3828",
	doi            = "10.1103/PhysRevLett.79.3825",
	eprint         = "hep-ph/9612329",
	archivePrefix  = "arXiv",
	primaryClass   = "hep-ph",
	SLACcitation   = "%%CITATION = HEP-PH/9612329;%%"
}
@article{Tarrach:1980up,
	author         = "Tarrach, R.",
	title          = "{The Pole Mass in Perturbative QCD}",
	journal        = "Nucl. Phys.",
	volume         = "B183",
	year           = "1981",
	pages          = "384-396",
	doi            = "10.1016/0550-3213(81)90140-1",
	reportNumber   = "CPT-80/P-1215",
	SLACcitation   = "%%CITATION = NUPHA,B183,384;%%"
}

 @inproceedings{Tipton1996,
    	author  = "Tipton, P.",
    	title   = "Plenary talk",
    	publisher = "XXVIII International Conference on High Energy Physics, Warsaw, Poland",
    	year    = "1996"
    }

@article{Butenschoen:2016lpz,
	author         = "Butenschoen, Mathias and Dehnadi, Bahman and Hoang, Andre
	H. and Mateu, Vicent and Preisser, Moritz and Stewart,
	Iain W.",
	title          = "{Top Quark Mass Calibration for Monte Carlo Event
	Generators}",
	journal        = "Phys. Rev. Lett.",
	volume         = "117",
	year           = "2016",
	number         = "23",
	pages          = "232001",
	doi            = "10.1103/PhysRevLett.117.232001",
	eprint         = "1608.01318",
	archivePrefix  = "arXiv",
	primaryClass   = "hep-ph",
	reportNumber   = "IFT-UAM-CSIC-16-069, FTUAM-16-28, MIT-CTP-4820,
	UWTHPH-2016-13, DESY-16-150, DESY --16-150",
	SLACcitation   = "%%CITATION = ARXIV:1608.01318;%%"
}
@inproceedings{Ellis:2013jnq,
	author         = "Ellis, John",
	title          = "{Higgs Physics}",
	booktitle      = "{Proceedings, 2013 European School of High-Energy Physics
	(ESHEP 2013): Paradfurdo, Hungary, June 5-18, 2013}",
	year           = "2015",
	url            = "https://inspirehep.net/record/1272850/files/arXiv:1312.5672.pdf",
	pages          = "117-168",
	doi            = "10.5170/CERN-2015-004.117",
	eprint         = "1312.5672",
	archivePrefix  = "arXiv",
	primaryClass   = "hep-ph",
	reportNumber   = "KCL-PH-TH-2013-49, LCTS-2013-36, CERN-PH-TH-2013-315",
	SLACcitation   = "%%CITATION = ARXIV:1312.5672;%%"
}
@article{Kong:2014jwa,
	author         = "Kong, Kyoungchul and Lee, Hye-Sung and Park, Myeonghun",
	title          = "{Dark decay of the top quark}",
	journal        = "Phys. Rev.",
	volume         = "D89",
	year           = "2014",
	number         = "7",
	pages          = "074007",
	doi            = "10.1103/PhysRevD.89.074007",
	eprint         = "1401.5020",
	archivePrefix  = "arXiv",
	primaryClass   = "hep-ph",
	reportNumber   = "JLAB-THY-14-1840",
	SLACcitation   = "%%CITATION = ARXIV:1401.5020;%%"
}
@article{Pumplin:2002vw,
	author         = "Pumplin, J. and Stump, D. R. and Huston, J. and Lai, H.
	L. and Nadolsky, Pavel M. and Tung, W. K.",
	title          = "{New generation of parton distributions with
	uncertainties from global QCD analysis}",
	journal        = "JHEP",
	volume         = "07",
	year           = "2002",
	pages          = "012",
	doi            = "10.1088/1126-6708/2002/07/012",
	eprint         = "hep-ph/0201195",
	archivePrefix  = "arXiv",
	primaryClass   = "hep-ph",
	reportNumber   = "MSU-HEP-011101",
	SLACcitation   = "%%CITATION = HEP-PH/0201195;%%"
}


%%%%%%%%%%%%%%%%%%%%%%%%%%%%%%%%%%%%%%%%%%%%%%%%%%%%%%%%%%%%%%%%%%%%%%%%%%%%%%%%%%%%%%%%%%%%%
@article{Bruning:2012zz,
	author         = "Bruning, O. and Burkhardt, H. and Myers, S.",
	title          = "{The large hadron collider}",
	journal        = "Prog. Part. Nucl. Phys.",
	volume         = "67",
	year           = "2012",
	pages          = "705-734",
	doi            = "10.1016/j.ppnp.2012.03.001",
	SLACcitation   = "%%CITATION = PPNPD,67,705;%%"
}


@article{Bruning:2004ej,
	author         = "Bruning, Oliver S. and Collier, P. and Lebrun, P. and
	Myers, S. and Ostojic, R. and Poole, J. and Proudlock, P.",
	title          = "{LHC Design Report Vol.1: The LHC Main Ring}",
	year           = "2004",
	reportNumber   = "CERN-2004-003-V1, CERN-2004-003, CERN-2004-003-V-1",
	SLACcitation   = "%%CITATION = CERN-2004-003-V1;%%"
}

@article{Evans:2008zzb,
	author         = "Evans, Lyndon and Bryant, Philip",
	title          = "{LHC Machine}",
	journal        = "JINST",
	volume         = "3",
	year           = "2008",
	pages          = "S08001",
	doi            = "10.1088/1748-0221/3/08/S08001",
	SLACcitation   = "%%CITATION = JINST,3,S08001;%%"
}

@article{LEP,
	key            = "203828",
	title          = "{LEP Design Report: Vol.2. The LEP Main Ring}",
	year           = "1984",
	reportNumber   = "CERN-LEP-84-01",
	SLACcitation   = "%%CITATION = CERN-LEP-84-01;%%"
}


@article{Aad:2008zzm,
	author = {{ATLAS Collaboration, }},
	author         = "Aad, G. and others",
	title          = "{The ATLAS Experiment at the CERN Large Hadron Collider}",
	collaboration  = "ATLAS",
	journal        = "JINST",
	volume         = "3",
	year           = "2008",
	pages          = "S08003",
	doi            = "10.1088/1748-0221/3/08/S08003",
	SLACcitation   = "%%CITATION = JINST,3,S08003;%%"
}

@article{Aamodt:2008zz,
	author = {{ALICE Collaboration, }},

	title          = "{The ALICE experiment at the CERN LHC}",
	collaboration  = "ALICE",
	journal        = "JINST",
	volume         = "3",
	year           = "2008",
	pages          = "S08002",
	doi            = "10.1088/1748-0221/3/08/S08002",
	SLACcitation   = "%%CITATION = JINST,3,S08002;%%"
}
@article{Chatrchyan:2008aa,
   author = {{CMS Collaboration, }},
	title          = "{The CMS Experiment at the CERN LHC}",
	collaboration  = "CMS",
	journal        = "JINST",
	volume         = "3",
	year           = "2008",
	pages          = "S08004",
	doi            = "10.1088/1748-0221/3/08/S08004",
	SLACcitation   = "%%CITATION = JINST,3,S08004;%%"
}

@article{Alves:2008zz,
	author = {{LHCb Collaboration, }},

	title          = "{The LHCb Detector at the LHC}",
	collaboration  = "LHCb",
	journal        = "JINST",
	volume         = "3",
	year           = "2008",
	pages          = "S08005",
	doi            = "10.1088/1748-0221/3/08/S08005",
	SLACcitation   = "%%CITATION = JINST,3,S08005;%%"
}

@article{Anelli:2008zza,
	author = {{TOTEM Collaboration, }},

	title          = "{The TOTEM experiment at the CERN Large Hadron Collider}",
	collaboration  = "TOTEM",
	journal        = "JINST",
	volume         = "3",
	year           = "2008",
	pages          = "S08007",
	doi            = "10.1088/1748-0221/3/08/S08007",
	SLACcitation   = "%%CITATION = JINST,3,S08007;%%"
}


@article{Adriani:2008zz,
	author = {{LHCf Collaboration, }},
	title          = "{The LHCf detector at the CERN Large Hadron Collider}",
	collaboration  = "LHCf",
	journal        = "JINST",
	volume         = "3",
	year           = "2008",
	pages          = "S08006",
	doi            = "10.1088/1748-0221/3/08/S08006",
	SLACcitation   = "%%CITATION = JINST,3,S08006;%%"
}

@article{Brice:2221112,
	author        = "Brice, Maximilien",
	title         = "{LHC tunnel sector 4-5/ 5-6}",
	month         = "Sep",
	year          = "2016",
	reportNumber  = "CERN-PHOTO-201609-250",
	url           = "https://cds.cern.ch/record/2221112",
	note          = "General Photo",
}

@article{ATLAS:1999uwa,
author = {{ATLAS Collaboration, }},
	title          = "{ATLAS: Detector and physics performance technical design
	report. Volume 1}",
	collaboration  = "ATLAS",
	year           = "1999",
	reportNumber   = "CERN-LHCC-99-14, ATLAS-TDR-14",
	SLACcitation   = "%%CITATION = CERN-LHCC-99-14;%%"
}

%BIlder

@article{DeMelis:2119882,
	author        = "De Melis, Cinzia",
	title         = "{The CERN accelerator complex. Complexe des
	accélérateurs du CERN}",
	month         = "Jan",
	year          = "2016",
	reportNumber  = "OPEN-PHO-ACCEL-2016-001",
	url           = "https://cds.cern.ch/record/2119882",
	note          = "General Photo",
}
%%%%%%%%%%%%%%%%%%%%%%%%%%%%%%%%%%%%%%%%%%%%%%%%%%%%%%%%%%%%%%%%%%%%%%%%%%%%%%%%%%%%%%%%%%
@incollection{Carli:2015qta,
	author         = "Carli, Tancredi and Rabbertz, Klaus and Schumann,
	Steffen",
	title          = "{Studies of Quantum Chromodynamics at the LHC}",
	editor         = "Schörner-Sadenius, Thomas",
	booktitle      = "The Large Hadron Collider: Harvest of Run 1",
	url            = "https://inspirehep.net/record/1375494/files/arXiv:1506.03239.pdf",
	pages          = "139-194",
	doi            = "10.1007/978-3-319-15001-7_5",
	year           = "2015",
	eprint         = "1506.03239",
	archivePrefix  = "arXiv",
	primaryClass   = "hep-ex",
	SLACcitation   = "%%CITATION = ARXIV:1506.03239;%%"
}
@techreport{Lampl:1099735,

	author        = "Lampl, W and Laplace, S and Lelas, D and Loch, P and Ma, H
	and Menke, S and Rajagopalan, S and Rousseau, D and Snyder,
	S and Unal, G",
	title         = "{Calorimeter Clustering Algorithms: Description and
	Performance}",
	institution   = "CERN",
	address       = "Geneva",
	number        = "ATL-LARG-PUB-2008-002. ATL-COM-LARG-2008-003",
	month         = "Apr",
	year          = "2008",
	reportNumber  = "ATL-LARG-PUB-2008-002",
	url           = "http://cds.cern.ch/record/1099735",
}
@article{Cacciari:2008gp,
	author         = "Cacciari, Matteo and Salam, Gavin P. and Soyez, Gregory",
	title          = "{The Anti-k(t) jet clustering algorithm}",
	journal        = "JHEP",
	volume         = "04",
	year           = "2008",
	pages          = "063",
	doi            = "10.1088/1126-6708/2008/04/063",
	eprint         = "0802.1189",
	archivePrefix  = "arXiv",
	primaryClass   = "hep-ph",
	reportNumber   = "LPTHE-07-03",
	SLACcitation   = "%%CITATION = ARXIV:0802.1189;%%"
}
@article{Aad:2011he,
	author = {{ATLAS Collaboration, }},
	title          = "{Jet energy measurement with the ATLAS detector in
	proton-proton collisions at $\sqrt{s}=7$ TeV}",
	collaboration  = "ATLAS",
	journal        = "Eur. Phys. J.",
	volume         = "C73",
	year           = "2013",
	number         = "3",
	pages          = "2304",
	doi            = "10.1140/epjc/s10052-013-2304-2",
	eprint         = "1112.6426",
	archivePrefix  = "arXiv",
	primaryClass   = "hep-ex",
	reportNumber   = "CERN-PH-EP-2011-191",
	SLACcitation   = "%%CITATION = ARXIV:1112.6426;%%"
}
@article{Aad:2014bia,
	author = {{ATLAS Collaboration, }},
	title          = "{Jet energy measurement and its systematic uncertainty in
	proton-proton collisions at $\sqrt{s}=7$ TeV with the
	ATLAS detector}",
	collaboration  = "ATLAS",
	journal        = "Eur. Phys. J.",
	volume         = "C75",
	year           = "2015",
	pages          = "17",
	doi            = "10.1140/epjc/s10052-014-3190-y",
	eprint         = "1406.0076",
	archivePrefix  = "arXiv",
	primaryClass   = "hep-ex",
	reportNumber   = "CERN-PH-EP-2013-222",
	SLACcitation   = "%%CITATION = ARXIV:1406.0076;%%"
}
@techreport{ATLAS-CONF-2015-037,
	author = {{ATLAS Collaboration, }},
	title         = "{Monte Carlo Calibration and Combination of In-situ
	Measurements of Jet Energy Scale, Jet Energy Resolution and
	Jet Mass in ATLAS}",
	institution   = "CERN",
	address       = "Geneva",
	number        = "ATLAS-CONF-2015-037",
	month         = "Aug",
	year          = "2015",
	reportNumber  = "ATLAS-CONF-2015-037",
	url           = "https://cds.cern.ch/record/2044941",
}
@article{Aad:2015ina,
	author = {{ATLAS Collaboration, }},
	title          = "{Performance of pile-up mitigation techniques for jets in
	$pp$ collisions at $\sqrt{s}=8$  TeV using the ATLAS
	detector}",
	collaboration  = "ATLAS",
	journal        = "Eur. Phys. J.",
	volume         = "C76",
	year           = "2016",
	number         = "11",
	pages          = "581",
	doi            = "10.1140/epjc/s10052-016-4395-z",
	eprint         = "1510.03823",
	archivePrefix  = "arXiv",
	primaryClass   = "hep-ex",
	reportNumber   = "CERN-PH-EP-2015-206",
	SLACcitation   = "%%CITATION = ARXIV:1510.03823;%%"
}
@techreport{ATLAS-CONF-2012-020,
	author = {{ATLAS Collaboration, }},
	title         = "{Selection of jets produced in proton-proton collisions
	with the ATLAS detector using 2011 data}",
	institution   = "CERN",
	collaboration = "ATLAS Collaboration",
	address       = "Geneva",
	number        = "ATLAS-CONF-2012-020",
	month         = "Mar",
	year          = "2012",
	reportNumber  = "ATLAS-CONF-2012-020",
	url           = "http://cds.cern.ch/record/1430034",
}
@article{Chatrchyan:2011ds,
	author = {{CMS Collaboration, }},
	title          = "{Determination of Jet Energy Calibration and Transverse
	Momentum Resolution in CMS}",
	collaboration  = "CMS",
	journal        = "JINST",
	volume         = "6",
	year           = "2011",
	pages          = "P11002",
	doi            = "10.1088/1748-0221/6/11/P11002",
	eprint         = "1107.4277",
	archivePrefix  = "arXiv",
	primaryClass   = "physics.ins-det",
	reportNumber   = "CERN-PH-EP-2011-102, CMS-JME-10-011",
	SLACcitation   = "%%CITATION = ARXIV:1107.4277;%%"
}

@techreport{ATLAS-CONF-2013-083,
	author = {{ATLAS Collaboration, }},
	title         = "{Pile-up subtraction and suppression for jets in ATLAS}",
	institution   = "CERN",
	address       = "Geneva",
	number        = "ATLAS-CONF-2013-083",
	month         = "Aug",
	year          = "2013",
	reportNumber  = "ATLAS-CONF-2013-083",
	url           = "https://cds.cern.ch/record/1570994",
}
@article{Aad:2014fxa,
author = {{ATLAS Collaboration, }},
	title          = "{Electron reconstruction and identification efficiency
	measurements with the ATLAS detector using the 2011 LHC
	proton-proton collision data}",
	collaboration  = "ATLAS",
	journal        = "Eur. Phys. J.",
	volume         = "C74",
	year           = "2014",
	number         = "7",
	pages          = "2941",
	doi            = "10.1140/epjc/s10052-014-2941-0",
	eprint         = "1404.2240",
	archivePrefix  = "arXiv",
	primaryClass   = "hep-ex",
	reportNumber   = "CERN-PH-EP-2014-040",
	SLACcitation   = "%%CITATION = ARXIV:1404.2240;%%"
}

@article{Aad:2014rra,
	author = {{ATLAS Collaboration, }},
	title          = "{Measurement of the muon reconstruction performance of
	the ATLAS detector using 2011 and 2012 LHC proton–proton
	collision data}",
	collaboration  = "ATLAS",
	journal        = "Eur. Phys. J.",
	volume         = "C74",
	year           = "2014",
	number         = "11",
	pages          = "3130",
	doi            = "10.1140/epjc/s10052-014-3130-x",
	eprint         = "1407.3935",
	archivePrefix  = "arXiv",
	primaryClass   = "hep-ex",
	reportNumber   = "CERN-PH-EP-2014-151",
	SLACcitation   = "%%CITATION = ARXIV:1407.3935;%%"
}
@article{Rehermann:2010vq,
	author         = "Rehermann, Keith and Tweedie, Brock",
	title          = "{Efficient Identification of Boosted Semileptonic Top
	Quarks at the LHC}",
	journal        = "JHEP",
	volume         = "03",
	year           = "2011",
	pages          = "059",
	doi            = "10.1007/JHEP03(2011)059",
	eprint         = "1007.2221",
	archivePrefix  = "arXiv",
	primaryClass   = "hep-ph",
	SLACcitation   = "%%CITATION = ARXIV:1007.2221;%%"
}
@article{Cacciari:2011ma,
	author         = "Cacciari, Matteo and Salam, Gavin P. and Soyez, Gregory",
	title          = "{FastJet User Manual}",
	journal        = "Eur. Phys. J.",
	volume         = "C72",
	year           = "2012",
	pages          = "1896",
	doi            = "10.1140/epjc/s10052-012-1896-2",
	eprint         = "1111.6097",
	archivePrefix  = "arXiv",
	primaryClass   = "hep-ph",
	reportNumber   = "CERN-PH-TH-2011-297",
	SLACcitation   = "%%CITATION = ARXIV:1111.6097;%%"
}
@article{Aaboud:2017jcu,
    author = {{ATLAS Collaboration, }},
	title          = "{Jet energy scale measurements and their systematic
	uncertainties in proton-proton collisions at $\sqrt{s} =
	13$ TeV with the ATLAS detector}",
	collaboration  = "ATLAS",
	journal        = "Phys. Rev.",
	volume         = "D96",
	year           = "2017",
	number         = "7",
	pages          = "072002",
	doi            = "10.1103/PhysRevD.96.072002",
	eprint         = "1703.09665",
	archivePrefix  = "arXiv",
	primaryClass   = "hep-ex",
	reportNumber   = "CERN-EP-2017-038",
	SLACcitation   = "%%CITATION = ARXIV:1703.09665;%%"
}
@article{Cacciari:2007fd,
	author         = "Cacciari, Matteo and Salam, Gavin P.",
	title          = "{Pileup subtraction using jet areas}",
	journal        = "Phys. Lett.",
	volume         = "B659",
	year           = "2008",
	pages          = "119-126",
	doi            = "10.1016/j.physletb.2007.09.077",
	eprint         = "0707.1378",
	archivePrefix  = "arXiv",
	primaryClass   = "hep-ph",
	reportNumber   = "LPTHE-07-01",
	SLACcitation   = "%%CITATION = ARXIV:0707.1378;%%"
}
@article{ATLAS:2010rza,
	author = {{ATLAS Collaboration, }},
	title          = "{Performance of the ATLAS Secondary Vertex b-tagging
	Algorithm in 7 TeV Collision Data}",
	collaboration  = "ATLAS",
	year           = "2010",
	reportNumber   = "ATLAS-CONF-2010-042",
	SLACcitation   = "%%CITATION = ATLAS-CONF-2010-042;%%"
}
@techreport{ATL-PHYS-PUB-2016-012,
	author = {{ATLAS Collaboration, }},
	
	title         = "{Optimisation of the ATLAS $b$-tagging performance for the
	2016 LHC Run}",
	institution   = "CERN",
	collaboration = "ATLAS Collaboration",
	address       = "Geneva",
	number        = "ATL-PHYS-PUB-2016-012",
	month         = "Jun",
	year          = "2016",
	reportNumber  = "ATL-PHYS-PUB-2016-012",
	url           = "https://cds.cern.ch/record/2160731",
}
@article{Aad:2015ydr,
author = {{ATLAS Collaboration, }},
	title          = "{Performance of $b$-Jet Identification in the ATLAS
	Experiment}",
	collaboration  = "ATLAS",
	journal        = "JINST",
	volume         = "11",
	year           = "2016",
	number         = "04",
	pages          = "P04008",
	doi            = "10.1088/1748-0221/11/04/P04008",
	eprint         = "1512.01094",
	archivePrefix  = "arXiv",
	primaryClass   = "hep-ex",
	reportNumber   = "CERN-PH-EP-2015-216",
	SLACcitation   = "%%CITATION = ARXIV:1512.01094;%%"
}
@techreport{ATLAS-CONF-2011-102,
	author = {{ATLAS Collaboration, }},
	title         = "{Commissioning of the ATLAS high-performance b-tagging
	algorithms in the 7 TeV collision data}",
	institution   = "CERN",
	collaboration = "ATLAS Collaboration",
	address       = "Geneva",
	number        = "ATLAS-CONF-2011-102",
	month         = "Jul",
	year          = "2011",
	reportNumber  = "ATLAS-CONF-2011-102",
	url           = "https://cds.cern.ch/record/1369219",
}
@article{Piacquadio:2008zza,
	author         = "Piacquadio, Giacinto and Weiser, Christian",
	title          = "{A new inclusive secondary vertex algorithm for b-jet
	tagging in ATLAS}",
	booktitle      = "{Proceedings, 16th International Conference on Computing
	in High Energy and Nuclear Physics (CHEP 2007): Victoria,
	Canada, September 2-7, 2007}",
	journal        = "J. Phys. Conf. Ser.",
	volume         = "119",
	year           = "2008",
	pages          = "032032",
	doi            = "10.1088/1742-6596/119/3/032032",
	SLACcitation   = "%%CITATION = 00462,119,032032;%%"
}
@techreport{ATL-PHYS-PUB-2015-027,
	author = {{ATLAS Collaboration, }},
	title         = "{Performance of missing transverse momentum reconstruction
	for the ATLAS detector in the first proton-proton
	collisions at at $\sqrt s$= 13 TeV}",
	institution   = "CERN",
	address       = "Geneva",
	number        = "ATL-PHYS-PUB-2015-027",
	month         = "Jul",
	year          = "2015",
	reportNumber  = "ATL-PHYS-PUB-2015-027",
	url           = "https://cds.cern.ch/record/2037904",
}


%%Modelling
@article{Nason:2004rx,
	author         = "Nason, Paolo",
	title          = "{A New method for combining NLO QCD with shower Monte
	Carlo algorithms}",
	journal        = "JHEP",
	volume         = "11",
	year           = "2004",
	pages          = "040",
	doi            = "10.1088/1126-6708/2004/11/040",
	eprint         = "hep-ph/0409146",
	archivePrefix  = "arXiv",
	primaryClass   = "hep-ph",
	reportNumber   = "BICOCCA-FT-04-11",
	SLACcitation   = "%%CITATION = HEP-PH/0409146;%%"
}
@article{Frixione:2007vw,
	author         = "Frixione, Stefano and Nason, Paolo and Oleari, Carlo",
	title          = "{Matching NLO QCD computations with Parton Shower
	simulations: the POWHEG method}",
	journal        = "JHEP",
	volume         = "11",
	year           = "2007",
	pages          = "070",
	doi            = "10.1088/1126-6708/2007/11/070",
	eprint         = "0709.2092",
	archivePrefix  = "arXiv",
	primaryClass   = "hep-ph",
	reportNumber   = "BICOCCA-FT-07-9, GEF-TH-21-2007",
	SLACcitation   = "%%CITATION = ARXIV:0709.2092;%%"
}
@article{Alioli:2010xd,
	author         = "Alioli, Simone and Nason, Paolo and Oleari, Carlo and Re,
	Emanuele",
	title          = "{A general framework for implementing NLO calculations in
	shower Monte Carlo programs: the POWHEG BOX}",
	journal        = "JHEP",
	volume         = "06",
	year           = "2010",
	pages          = "043",
	doi            = "10.1007/JHEP06(2010)043",
	eprint         = "1002.2581",
	archivePrefix  = "arXiv",
	primaryClass   = "hep-ph",
	reportNumber   = "DESY-10-018, SFB-CPP-10-22, IPPP-10-11, DCPT-10-22",
	SLACcitation   = "%%CITATION = ARXIV:1002.2581;%%"
}
@article{Ball:2014uwa,
	author         = "Ball, Richard D. and others",
	title          = "{Parton distributions for the LHC Run II}",
	collaboration  = "NNPDF",
	journal        = "JHEP",
	volume         = "04",
	year           = "2015",
	pages          = "040",
	doi            = "10.1007/JHEP04(2015)040",
	eprint         = "1410.8849",
	archivePrefix  = "arXiv",
	primaryClass   = "hep-ph",
	reportNumber   = "EDINBURGH-2014-15, IFUM-1034-FT, CERN-PH-TH-2013-253,
	OUTP-14-11P, CAVENDISH-HEP-14-11",
	SLACcitation   = "%%CITATION = ARXIV:1410.8849;%%"
}
@article{Lai:2010vv,
	author         = "Lai, Hung-Liang and Guzzi, Marco and Huston, Joey and Li,
	Zhao and Nadolsky, Pavel M. and Pumplin, Jon and Yuan, C.
	-P.",
	title          = "{New parton distributions for collider physics}",
	journal        = "Phys. Rev.",
	volume         = "D82",
	year           = "2010",
	pages          = "074024",
	doi            = "10.1103/PhysRevD.82.074024",
	eprint         = "1007.2241",
	archivePrefix  = "arXiv",
	primaryClass   = "hep-ph",
	reportNumber   = "MSUHEP-100707, SMU-HEP-10-10",
	SLACcitation   = "%%CITATION = ARXIV:1007.2241;%%"
}
@article{Sjostrand:2006za,
	author         = "Sjostrand, Torbjorn and Mrenna, Stephen and Skands, Peter
	Z.",
	title          = "{PYTHIA 6.4 Physics and Manual}",
	journal        = "JHEP",
	volume         = "05",
	year           = "2006",
	pages          = "026",
	doi            = "10.1088/1126-6708/2006/05/026",
	eprint         = "hep-ph/0603175",
	archivePrefix  = "arXiv",
	primaryClass   = "hep-ph",
	reportNumber   = "FERMILAB-PUB-06-052-CD-T, LU-TP-06-13",
	SLACcitation   = "%%CITATION = HEP-PH/0603175;%%"
}
@article{Pumplin:2002vw,
	author         = "Pumplin, J. and Stump, D. R. and Huston, J. and Lai, H.
	L. and Nadolsky, Pavel M. and Tung, W. K.",
	title          = "{New generation of parton distributions with
	uncertainties from global QCD analysis}",
	journal        = "JHEP",
	volume         = "07",
	year           = "2002",
	pages          = "012",
	doi            = "10.1088/1126-6708/2002/07/012",
	eprint         = "hep-ph/0201195",
	archivePrefix  = "arXiv",
	primaryClass   = "hep-ph",
	reportNumber   = "MSU-HEP-011101",
	SLACcitation   = "%%CITATION = HEP-PH/0201195;%%"
}
@article{Skands:2010ak,
	author         = "Skands, Peter Zeiler",
	title          = "{Tuning Monte Carlo Generators: The Perugia Tunes}",
	journal        = "Phys. Rev.",
	volume         = "D82",
	year           = "2010",
	pages          = "074018",
	doi            = "10.1103/PhysRevD.82.074018",
	eprint         = "1005.3457",
	archivePrefix  = "arXiv",
	primaryClass   = "hep-ph",
	reportNumber   = "MCNET-10-08, CERN-PH-TH-2010-113",
	SLACcitation   = "%%CITATION = ARXIV:1005.3457;%%"
}
@article{Gleisberg:2008ta,
	author         = "Gleisberg, T. and Hoeche, Stefan. and Krauss, F. and
	Schonherr, M. and Schumann, S. and Siegert, F. and Winter,
	J.",
	title          = "{Event generation with SHERPA 1.1}",
	journal        = "JHEP",
	volume         = "02",
	year           = "2009",
	pages          = "007",
	doi            = "10.1088/1126-6708/2009/02/007",
	eprint         = "0811.4622",
	archivePrefix  = "arXiv",
	primaryClass   = "hep-ph",
	reportNumber   = "FERMILAB-PUB-08-477-T, SLAC-PUB-13420, ZU-TH-17-08,
	DCPT-08-138, IPPP-08-69, EDINBURGH-2008-30, MCNET-08-14",
	SLACcitation   = "%%CITATION = ARXIV:0811.4622;%%"
}
@article{Schumann:2007mg,
	author         = "Schumann, Steffen and Krauss, Frank",
	title          = "{A Parton shower algorithm based on Catani-Seymour dipole
	factorisation}",
	journal        = "JHEP",
	volume         = "03",
	year           = "2008",
	pages          = "038",
	doi            = "10.1088/1126-6708/2008/03/038",
	eprint         = "0709.1027",
	archivePrefix  = "arXiv",
	primaryClass   = "hep-ph",
	reportNumber   = "DCPT-07-86, IPPP-07-43",
	SLACcitation   = "%%CITATION = ARXIV:0709.1027;%%"
}
@article{Hoeche:2012yf,
	author         = "Hoeche, Stefan and Krauss, Frank and Schonherr, Marek and
	Siegert, Frank",
	title          = "{QCD matrix elements + parton showers: The NLO case}",
	journal        = "JHEP",
	volume         = "04",
	year           = "2013",
	pages          = "027",
	doi            = "10.1007/JHEP04(2013)027",
	eprint         = "1207.5030",
	archivePrefix  = "arXiv",
	primaryClass   = "hep-ph",
	reportNumber   = "SLAC-PUB-15191, IPPP-12-52, DCPT-12-104, LPN12-081,
	FR-PHENO-2012-017, MCNET-12-09, --FR-PHENO-2012-017",
	SLACcitation   = "%%CITATION = ARXIV:1207.5030;%%"
}
@article{Sjostrand:2007gs,
	author         = "Sjostrand, Torbjorn and Mrenna, Stephen and Skands, Peter
	Z.",
	title          = "{A Brief Introduction to PYTHIA 8.1}",
	journal        = "Comput. Phys. Commun.",
	volume         = "178",
	year           = "2008",
	pages          = "852-867",
	doi            = "10.1016/j.cpc.2008.01.036",
	eprint         = "0710.3820",
	archivePrefix  = "arXiv",
	primaryClass   = "hep-ph",
	reportNumber   = "CERN-LCGAPP-2007-04, LU-TP-07-28,
	FERMILAB-PUB-07-512-CD-T",
	SLACcitation   = "%%CITATION = ARXIV:0710.3820;%%"
}
@techreport{ATL-PHYS-PUB-2012-003,
	author = {{ATLAS Collaboration, }},
	title         = "{Summary of ATLAS Pythia 8 tunes}",
	institution   = "CERN",
	address       = "Geneva",
	number        = "ATL-PHYS-PUB-2012-003",
	month         = "Aug",
	year          = "2012",
	reportNumber  = "ATL-PHYS-PUB-2012-003",
	url           = "https://cds.cern.ch/record/1474107",
}
@article{Martin:2009iq,
	author         = "Martin, A. D. and Stirling, W. J. and Thorne, R. S. and
	Watt, G.",
	title          = "{Parton distributions for the LHC}",
	journal        = "Eur. Phys. J.",
	volume         = "C63",
	year           = "2009",
	pages          = "189-285",
	doi            = "10.1140/epjc/s10052-009-1072-5",
	eprint         = "0901.0002",
	archivePrefix  = "arXiv",
	primaryClass   = "hep-ph",
	reportNumber   = "IPPP-08-95, DCPT-08-190, CAVENDISH-HEP-08-16",
	SLACcitation   = "%%CITATION = ARXIV:0901.0002;%%"
}
@article{Czakon:2011xx,
	author         = "Czakon, Michal and Mitov, Alexander",
	title          = "{Top++: A Program for the Calculation of the Top-Pair
	Cross-Section at Hadron Colliders}",
	journal        = "Comput. Phys. Commun.",
	volume         = "185",
	year           = "2014",
	pages          = "2930",
	doi            = "10.1016/j.cpc.2014.06.021",
	eprint         = "1112.5675",
	archivePrefix  = "arXiv",
	primaryClass   = "hep-ph",
	reportNumber   = "CERN-PH-TH-2011-303, TTK-11-58",
	SLACcitation   = "%%CITATION = ARXIV:1112.5675;%%"
}
@article{Cacciari:2011hy,
	author         = "Cacciari, Matteo and Czakon, Michal and Mangano,
	Michelangelo and Mitov, Alexander and Nason, Paolo",
	title          = "{Top-pair production at hadron colliders with
	next-to-next-to-leading logarithmic soft-gluon
	resummation}",
	journal        = "Phys. Lett.",
	volume         = "B710",
	year           = "2012",
	pages          = "612-622",
	doi            = "10.1016/j.physletb.2012.03.013",
	eprint         = "1111.5869",
	archivePrefix  = "arXiv",
	primaryClass   = "hep-ph",
	reportNumber   = "CERN-PH-TH-2011-277, TTK-11-54",
	SLACcitation   = "%%CITATION = ARXIV:1111.5869;%%"
}
@article{Beneke:2011mq,
	author         = "Beneke, M. and Falgari, P. and Klein, S. and Schwinn, C.",
	title          = "{Hadronic top-quark pair production with NNLL threshold
	resummation}",
	journal        = "Nucl. Phys.",
	volume         = "B855",
	year           = "2012",
	pages          = "695-741",
	doi            = "10.1016/j.nuclphysb.2011.10.021",
	eprint         = "1109.1536",
	archivePrefix  = "arXiv",
	primaryClass   = "hep-ph",
	reportNumber   = "TTK-11-38, ITP-UU-11-26, SPIN-11-19, FR-PHENO-2011-015,
	SFB-CPP-11-49",
	SLACcitation   = "%%CITATION = ARXIV:1109.1536;%%"
}
@article{Baernreuther:2012ws,
	author         = "Bärnreuther, Peter and Czakon, Michal and Mitov,
	Alexander",
	title          = "{Percent Level Precision Physics at the Tevatron: First
	Genuine NNLO QCD Corrections to $q \bar{q} \to t \bar{t} +
	X$}",
	journal        = "Phys. Rev. Lett.",
	volume         = "109",
	year           = "2012",
	pages          = "132001",
	doi            = "10.1103/PhysRevLett.109.132001",
	eprint         = "1204.5201",
	archivePrefix  = "arXiv",
	primaryClass   = "hep-ph",
	reportNumber   = "CERN-PH-TH-2012-092",
	SLACcitation   = "%%CITATION = ARXIV:1204.5201;%%"
}
@article{Czakon:2012zr,
	author         = "Czakon, Michal and Mitov, Alexander",
	title          = "{NNLO corrections to top-pair production at hadron
	colliders: the all-fermionic scattering channels}",
	journal        = "JHEP",
	volume         = "12",
	year           = "2012",
	pages          = "054",
	doi            = "10.1007/JHEP12(2012)054",
	eprint         = "1207.0236",
	archivePrefix  = "arXiv",
	primaryClass   = "hep-ph",
	reportNumber   = "CERN-PH-TH-2012-181",
	SLACcitation   = "%%CITATION = ARXIV:1207.0236;%%"
}


@article{Czakon:2013goa,
	author         = "Czakon, Michał and Fiedler, Paul and Mitov, Alexander",
	title          = "{Total Top-Quark Pair-Production Cross Section at Hadron
	Colliders Through $O(α\frac{4}{S})$}",
	journal        = "Phys. Rev. Lett.",
	volume         = "110",
	year           = "2013",
	pages          = "252004",
	doi            = "10.1103/PhysRevLett.110.252004",
	eprint         = "1303.6254",
	archivePrefix  = "arXiv",
	primaryClass   = "hep-ph",
	reportNumber   = "CERN-PH-TH-2013-056, TTK-13-08",
	SLACcitation   = "%%CITATION = ARXIV:1303.6254;%%"
}
@article{Catani:2009sm,
	author         = "Catani, Stefano and Cieri, Leandro and Ferrera, Giancarlo
	and de Florian, Daniel and Grazzini, Massimiliano",
	title          = "{Vector boson production at hadron colliders: a fully
	exclusive QCD calculation at NNLO}",
	journal        = "Phys. Rev. Lett.",
	volume         = "103",
	year           = "2009",
	pages          = "082001",
	doi            = "10.1103/PhysRevLett.103.082001",
	eprint         = "0903.2120",
	archivePrefix  = "arXiv",
	primaryClass   = "hep-ph",
	SLACcitation   = "%%CITATION = ARXIV:0903.2120;%%"
}
@article{Kidonakis:2010tc,
	author         = "Kidonakis, Nikolaos",
	title          = "{NNLL resummation for s-channel single top quark
	production}",
	journal        = "Phys. Rev.",
	volume         = "D81",
	year           = "2010",
	pages          = "054028",
	doi            = "10.1103/PhysRevD.81.054028",
	eprint         = "1001.5034",
	archivePrefix  = "arXiv",
	primaryClass   = "hep-ph",
	SLACcitation   = "%%CITATION = ARXIV:1001.5034;%%"
}
@article{Kidonakis:2010ux,
	author         = "Kidonakis, Nikolaos",
	title          = "{Two-loop soft anomalous dimensions for single top quark
	associated production with a W- or H-}",
	journal        = "Phys. Rev.",
	volume         = "D82",
	year           = "2010",
	pages          = "054018",
	doi            = "10.1103/PhysRevD.82.054018",
	eprint         = "1005.4451",
	archivePrefix  = "arXiv",
	primaryClass   = "hep-ph",
	SLACcitation   = "%%CITATION = ARXIV:1005.4451;%%"
}
@article{Kidonakis:2011wy,
	author         = "Kidonakis, Nikolaos",
	title          = "{Next-to-next-to-leading-order collinear and soft gluon
	corrections for t-channel single top quark production}",
	journal        = "Phys. Rev.",
	volume         = "D83",
	year           = "2011",
	pages          = "091503",
	doi            = "10.1103/PhysRevD.83.091503",
	eprint         = "1103.2792",
	archivePrefix  = "arXiv",
	primaryClass   = "hep-ph",
	SLACcitation   = "%%CITATION = ARXIV:1103.2792;%%"
}
@article{Campbell:1999ah,
	author         = "Campbell, John M. and Ellis, R. Keith",
	title          = "{An Update on vector boson pair production at hadron
	colliders}",
	journal        = "Phys. Rev.",
	volume         = "D60",
	year           = "1999",
	pages          = "113006",
	doi            = "10.1103/PhysRevD.60.113006",
	eprint         = "hep-ph/9905386",
	archivePrefix  = "arXiv",
	primaryClass   = "hep-ph",
	reportNumber   = "FERMILAB-PUB-99-146-T",
	SLACcitation   = "%%CITATION = HEP-PH/9905386;%%"
}
@article{Campbell:2011bn,
	author         = "Campbell, John M. and Ellis, R. Keith and Williams,
	Ciaran",
	title          = "{Vector boson pair production at the LHC}",
	journal        = "JHEP",
	volume         = "07",
	year           = "2011",
	pages          = "018",
	doi            = "10.1007/JHEP07(2011)018",
	eprint         = "1105.0020",
	archivePrefix  = "arXiv",
	primaryClass   = "hep-ph",
	reportNumber   = "FERMILAB-PUB-11-182-T",
	SLACcitation   = "%%CITATION = ARXIV:1105.0020;%%"
}
@article{Alwall:2014hca,
	author         = "Alwall, J. and Frederix, R. and Frixione, S. and Hirschi,
	V. and Maltoni, F. and Mattelaer, O. and Shao, H. -S. and
	Stelzer, T. and Torrielli, P. and Zaro, M.",
	title          = "{The automated computation of tree-level and
	next-to-leading order differential cross sections, and
	their matching to parton shower simulations}",
	journal        = "JHEP",
	volume         = "07",
	year           = "2014",
	pages          = "079",
	doi            = "10.1007/JHEP07(2014)079",
	eprint         = "1405.0301",
	archivePrefix  = "arXiv",
	primaryClass   = "hep-ph",
	reportNumber   = "CERN-PH-TH-2014-064, CP3-14-18, LPN14-066, MCNET-14-09,
	ZU-TH-14-14",
	SLACcitation   = "%%CITATION = ARXIV:1405.0301;%%"
}
@article{deFlorian:2016spz,
	author         = "de Florian, D. and others",
	title          = "{Handbook of LHC Higgs Cross Sections: 4. Deciphering the
	Nature of the Higgs Sector}",
	collaboration  = "LHC Higgs Cross Section Working Group",
	doi            = "10.23731/CYRM-2017-002",
	year           = "2016",
	eprint         = "1610.07922",
	archivePrefix  = "arXiv",
	primaryClass   = "hep-ph",
	reportNumber   = "FERMILAB-FN-1025-T, CERN-2017-002-M",
	SLACcitation   = "%%CITATION = ARXIV:1610.07922;%%"
}
@techreport{ATL-PHYS-PUB-2016-003,
	author = {{ATLAS Collaboration, }},
	title         = "{Monte Carlo Generators for the Production of a $W$ or
	$Z/\gamma^*$ Boson in Association with Jets at ATLAS in Run
	2}",
	institution   = "CERN",
	address       = "Geneva",
	number        = "ATL-PHYS-PUB-2016-003",
	month         = "Jan",
	year          = "2016",
	reportNumber  = "ATL-PHYS-PUB-2016-003",
	url           = "https://cds.cern.ch/record/2120133",
}
@article{Aad:2010ah,
  author = {{ATLAS Collaboration, }},
	title          = "{The ATLAS Simulation Infrastructure}",
	collaboration  = "ATLAS",
	journal        = "Eur. Phys. J.",
	volume         = "C70",
	year           = "2010",
	pages          = "823-874",
	doi            = "10.1140/epjc/s10052-010-1429-9",
	eprint         = "1005.4568",
	archivePrefix  = "arXiv",
	primaryClass   = "physics.ins-det",
	SLACcitation   = "%%CITATION = ARXIV:1005.4568;%%"
}
@article{Agostinelli:2002hh,
	author         = "Agostinelli, S. and others",
	title          = "{GEANT4: A Simulation toolkit}",
	collaboration  = "GEANT4",
	journal        = "Nucl. Instrum. Meth.",
	volume         = "A506",
	year           = "2003",
	pages          = "250-303",
	doi            = "10.1016/S0168-9002(03)01368-8",
	reportNumber   = "SLAC-PUB-9350, FERMILAB-PUB-03-339",
	SLACcitation   = "%%CITATION = NUIMA,A506,250;%%"
}
@techreport{Richter-Was:683751,
	author = {{ATLAS Collaboration, }},
	title         = "{ATLFAST 2.0 a fast simulation package for ATLAS}",
	institution   = "CERN",
	address       = "Geneva",
	number        = "ATL-PHYS-98-131",
	month         = "Nov",
	year          = "1998",
	reportNumber  = "ATL-PHYS-98-131",
	url           = "https://cds.cern.ch/record/683751",
}
@article{ATLAS:2012an,
	author = {{ATLAS Collaboration, }},
	title          = "{Measurement of the charge asymmetry in top quark pair
	production in $pp$ collisions at $\sqrt{s}=7$ TeV using
	the ATLAS detector}",
	collaboration  = "ATLAS",
	journal        = "Eur. Phys. J.",
	volume         = "C72",
	year           = "2012",
	pages          = "2039",
	doi            = "10.1140/epjc/s10052-012-2039-5",
	eprint         = "1203.4211",
	archivePrefix  = "arXiv",
	primaryClass   = "hep-ex",
	reportNumber   = "CERN-PH-EP-2012-015",
	SLACcitation   = "%%CITATION = ARXIV:1203.4211;%%"
}
@article{Erdmann:2013rxa,
	author         = "Erdmann, Johannes and Guindon, Stefan and Kroeninger,
	Kevin and Lemmer, Boris and Nackenhorst, Olaf and Quadt,
	Arnulf and Stolte, Philipp",
	title          = "{A likelihood-based reconstruction algorithm for
	top-quark pairs and the KLFitter framework}",
	journal        = "Nucl. Instrum. Meth.",
	volume         = "A748",
	year           = "2014",
	pages          = "18-25",
	doi            = "10.1016/j.nima.2014.02.029",
	eprint         = "1312.5595",
	archivePrefix  = "arXiv",
	primaryClass   = "hep-ex",
	SLACcitation   = "%%CITATION = ARXIV:1312.5595;%%"
}
